%YAML 1.1
%TAG !u! tag:unity3d.com,2011:
--- !u!29 &1
OcclusionCullingSettings:
  m_ObjectHideFlags: 0
  serializedVersion: 2
  m_OcclusionBakeSettings:
    smallestOccluder: 5
    smallestHole: 0.25
    backfaceThreshold: 100
  m_SceneGUID: 00000000000000000000000000000000
  m_OcclusionCullingData: {fileID: 0}
--- !u!104 &2
RenderSettings:
  m_ObjectHideFlags: 0
  serializedVersion: 9
  m_Fog: 0
  m_FogColor: {r: 0.5, g: 0.5, b: 0.5, a: 1}
  m_FogMode: 3
  m_FogDensity: 0.01
  m_LinearFogStart: 0
  m_LinearFogEnd: 300
  m_AmbientSkyColor: {r: 0.212, g: 0.227, b: 0.259, a: 1}
  m_AmbientEquatorColor: {r: 0.114, g: 0.125, b: 0.133, a: 1}
  m_AmbientGroundColor: {r: 0.047, g: 0.043, b: 0.035, a: 1}
  m_AmbientIntensity: 1
  m_AmbientMode: 0
  m_SubtractiveShadowColor: {r: 0.42, g: 0.478, b: 0.627, a: 1}
  m_SkyboxMaterial: {fileID: 10304, guid: 0000000000000000f000000000000000, type: 0}
  m_HaloStrength: 0.5
  m_FlareStrength: 1
  m_FlareFadeSpeed: 3
  m_HaloTexture: {fileID: 0}
  m_SpotCookie: {fileID: 10001, guid: 0000000000000000e000000000000000, type: 0}
  m_DefaultReflectionMode: 0
  m_DefaultReflectionResolution: 128
  m_ReflectionBounces: 1
  m_ReflectionIntensity: 1
  m_CustomReflection: {fileID: 0}
  m_Sun: {fileID: 0}
  m_IndirectSpecularColor: {r: 0, g: 0, b: 0, a: 1}
  m_UseRadianceAmbientProbe: 0
--- !u!157 &3
LightmapSettings:
  m_ObjectHideFlags: 0
  serializedVersion: 11
  m_GIWorkflowMode: 1
  m_GISettings:
    serializedVersion: 2
    m_BounceScale: 1
    m_IndirectOutputScale: 1
    m_AlbedoBoost: 1
    m_EnvironmentLightingMode: 0
    m_EnableBakedLightmaps: 1
    m_EnableRealtimeLightmaps: 0
  m_LightmapEditorSettings:
    serializedVersion: 12
    m_Resolution: 2
    m_BakeResolution: 40
    m_AtlasSize: 1024
    m_AO: 0
    m_AOMaxDistance: 1
    m_CompAOExponent: 1
    m_CompAOExponentDirect: 0
    m_ExtractAmbientOcclusion: 0
    m_Padding: 2
    m_LightmapParameters: {fileID: 0}
    m_LightmapsBakeMode: 1
    m_TextureCompression: 1
    m_FinalGather: 0
    m_FinalGatherFiltering: 1
    m_FinalGatherRayCount: 256
    m_ReflectionCompression: 2
    m_MixedBakeMode: 2
    m_BakeBackend: 1
    m_PVRSampling: 1
    m_PVRDirectSampleCount: 32
    m_PVRSampleCount: 512
    m_PVRBounces: 2
    m_PVREnvironmentSampleCount: 256
    m_PVREnvironmentReferencePointCount: 2048
    m_PVRFilteringMode: 1
    m_PVRDenoiserTypeDirect: 1
    m_PVRDenoiserTypeIndirect: 1
    m_PVRDenoiserTypeAO: 1
    m_PVRFilterTypeDirect: 0
    m_PVRFilterTypeIndirect: 0
    m_PVRFilterTypeAO: 0
    m_PVREnvironmentMIS: 1
    m_PVRCulling: 1
    m_PVRFilteringGaussRadiusDirect: 1
    m_PVRFilteringGaussRadiusIndirect: 5
    m_PVRFilteringGaussRadiusAO: 2
    m_PVRFilteringAtrousPositionSigmaDirect: 0.5
    m_PVRFilteringAtrousPositionSigmaIndirect: 2
    m_PVRFilteringAtrousPositionSigmaAO: 1
    m_ExportTrainingData: 0
    m_TrainingDataDestination: TrainingData
    m_LightProbeSampleCountMultiplier: 4
  m_LightingDataAsset: {fileID: 0}
  m_UseShadowmask: 1
--- !u!196 &4
NavMeshSettings:
  serializedVersion: 2
  m_ObjectHideFlags: 0
  m_BuildSettings:
    serializedVersion: 2
    agentTypeID: 0
    agentRadius: 0.5
    agentHeight: 2
    agentSlope: 45
    agentClimb: 0.4
    ledgeDropHeight: 0
    maxJumpAcrossDistance: 0
    minRegionArea: 2
    manualCellSize: 0
    cellSize: 0.16666667
    manualTileSize: 0
    tileSize: 256
    accuratePlacement: 0
    debug:
      m_Flags: 0
  m_NavMeshData: {fileID: 0}
--- !u!1 &984170141
GameObject:
  m_ObjectHideFlags: 0
  m_CorrespondingSourceObject: {fileID: 0}
  m_PrefabInstance: {fileID: 0}
  m_PrefabAsset: {fileID: 0}
  serializedVersion: 6
  m_Component:
  - component: {fileID: 984170144}
  - component: {fileID: 984170143}
  - component: {fileID: 984170142}
  - component: {fileID: 984170145}
  m_Layer: 0
  m_Name: Main Camera
  m_TagString: MainCamera
  m_Icon: {fileID: 0}
  m_NavMeshLayer: 0
  m_StaticEditorFlags: 0
  m_IsActive: 1
--- !u!81 &984170142
AudioListener:
  m_ObjectHideFlags: 0
  m_CorrespondingSourceObject: {fileID: 0}
  m_PrefabInstance: {fileID: 0}
  m_PrefabAsset: {fileID: 0}
  m_GameObject: {fileID: 984170141}
  m_Enabled: 1
--- !u!20 &984170143
Camera:
  m_ObjectHideFlags: 0
  m_CorrespondingSourceObject: {fileID: 0}
  m_PrefabInstance: {fileID: 0}
  m_PrefabAsset: {fileID: 0}
  m_GameObject: {fileID: 984170141}
  m_Enabled: 1
  serializedVersion: 2
  m_ClearFlags: 2
  m_BackGroundColor: {r: 0.2627451, g: 0.8666667, b: 0.9019608, a: 0}
  m_projectionMatrixMode: 1
  m_GateFitMode: 2
  m_FOVAxisMode: 0
  m_SensorSize: {x: 36, y: 24}
  m_LensShift: {x: 0, y: 0}
  m_FocalLength: 50
  m_NormalizedViewPortRect:
    serializedVersion: 2
    x: 0
    y: 0
    width: 1
    height: 1
  near clip plane: 0.3
  far clip plane: 1000
  field of view: 60
  orthographic: 1
  orthographic size: 7
  m_Depth: -1
  m_CullingMask:
    serializedVersion: 2
    m_Bits: 4294967295
  m_RenderingPath: -1
  m_TargetTexture: {fileID: 0}
  m_TargetDisplay: 0
  m_TargetEye: 3
  m_HDR: 1
  m_AllowMSAA: 1
  m_AllowDynamicResolution: 0
  m_ForceIntoRT: 0
  m_OcclusionCulling: 1
  m_StereoConvergence: 10
  m_StereoSeparation: 0.022
--- !u!4 &984170144
Transform:
  m_ObjectHideFlags: 0
  m_CorrespondingSourceObject: {fileID: 0}
  m_PrefabInstance: {fileID: 0}
  m_PrefabAsset: {fileID: 0}
  m_GameObject: {fileID: 984170141}
  m_LocalRotation: {x: 0.2704664, y: -0.31455466, z: 0.09399411, w: 0.905024}
  m_LocalPosition: {x: 10.98, y: 16.51, z: -14.09}
  m_LocalScale: {x: 1, y: 1, z: 1}
  m_Children: []
  m_Father: {fileID: 0}
  m_RootOrder: 0
  m_LocalEulerAnglesHint: {x: 0, y: 0, z: 0}
--- !u!114 &984170145
MonoBehaviour:
  m_ObjectHideFlags: 0
  m_CorrespondingSourceObject: {fileID: 0}
  m_PrefabInstance: {fileID: 0}
  m_PrefabAsset: {fileID: 0}
  m_GameObject: {fileID: 984170141}
  m_Enabled: 1
  m_EditorHideFlags: 0
  m_Script: {fileID: 11500000, guid: 948f4100a11a5c24981795d21301da5c, type: 3}
  m_Name: 
  m_EditorClassIdentifier: 
  volumeTrigger: {fileID: 984170144}
  volumeLayer:
    serializedVersion: 2
    m_Bits: 256
  stopNaNPropagation: 1
  finalBlitToCameraTarget: 0
  antialiasingMode: 0
  temporalAntialiasing:
    jitterSpread: 0.75
    sharpness: 0.25
    stationaryBlending: 0.95
    motionBlending: 0.85
  subpixelMorphologicalAntialiasing:
    quality: 2
  fastApproximateAntialiasing:
    fastMode: 0
    keepAlpha: 0
  fog:
    enabled: 1
    excludeSkybox: 1
  debugLayer:
    lightMeter:
      width: 512
      height: 256
      showCurves: 1
    histogram:
      width: 512
      height: 256
      channel: 3
    waveform:
      exposure: 0.12
      height: 256
    vectorscope:
      size: 256
      exposure: 0.12
    overlaySettings:
      linearDepth: 0
      motionColorIntensity: 4
      motionGridSize: 64
      colorBlindnessType: 0
      colorBlindnessStrength: 1
  m_Resources: {fileID: 11400000, guid: d82512f9c8e5d4a4d938b575d47f88d4, type: 2}
  m_ShowToolkit: 0
  m_ShowCustomSorter: 0
  breakBeforeColorGrading: 0
  m_BeforeTransparentBundles: []
  m_BeforeStackBundles: []
  m_AfterStackBundles: []
--- !u!1 &1521464647
GameObject:
  m_ObjectHideFlags: 0
  m_CorrespondingSourceObject: {fileID: 0}
  m_PrefabInstance: {fileID: 0}
  m_PrefabAsset: {fileID: 0}
  serializedVersion: 6
  m_Component:
  - component: {fileID: 1521464651}
  - component: {fileID: 1521464650}
  - component: {fileID: 1521464649}
  - component: {fileID: 1521464648}
  m_Layer: 0
  m_Name: Cube
  m_TagString: Untagged
  m_Icon: {fileID: 0}
  m_NavMeshLayer: 0
  m_StaticEditorFlags: 0
  m_IsActive: 1
--- !u!65 &1521464648
BoxCollider:
  m_ObjectHideFlags: 0
  m_CorrespondingSourceObject: {fileID: 0}
  m_PrefabInstance: {fileID: 0}
  m_PrefabAsset: {fileID: 0}
  m_GameObject: {fileID: 1521464647}
  m_Material: {fileID: 0}
  m_IsTrigger: 0
  m_Enabled: 1
  serializedVersion: 2
  m_Size: {x: 1, y: 1, z: 1}
  m_Center: {x: 0, y: 0, z: 0}
--- !u!23 &1521464649
MeshRenderer:
  m_ObjectHideFlags: 0
  m_CorrespondingSourceObject: {fileID: 0}
  m_PrefabInstance: {fileID: 0}
  m_PrefabAsset: {fileID: 0}
  m_GameObject: {fileID: 1521464647}
  m_Enabled: 1
  m_CastShadows: 1
  m_ReceiveShadows: 0
  m_DynamicOccludee: 1
  m_MotionVectors: 1
  m_LightProbeUsage: 1
  m_ReflectionProbeUsage: 1
  m_RayTracingMode: 2
  m_RenderingLayerMask: 1
  m_RendererPriority: 0
  m_Materials:
  - {fileID: 2100000, guid: 45f7b5c124d19a44bb3a689d17b94a60, type: 2}
  m_StaticBatchInfo:
    firstSubMesh: 0
    subMeshCount: 0
  m_StaticBatchRoot: {fileID: 0}
  m_ProbeAnchor: {fileID: 0}
  m_LightProbeVolumeOverride: {fileID: 0}
  m_ScaleInLightmap: 1
  m_ReceiveGI: 1
  m_PreserveUVs: 0
  m_IgnoreNormalsForChartDetection: 0
  m_ImportantGI: 0
  m_StitchLightmapSeams: 1
  m_SelectedEditorRenderState: 3
  m_MinimumChartSize: 4
  m_AutoUVMaxDistance: 0.5
  m_AutoUVMaxAngle: 89
  m_LightmapParameters: {fileID: 0}
  m_SortingLayerID: 0
  m_SortingLayer: 0
  m_SortingOrder: 0
--- !u!33 &1521464650
MeshFilter:
  m_ObjectHideFlags: 0
  m_CorrespondingSourceObject: {fileID: 0}
  m_PrefabInstance: {fileID: 0}
  m_PrefabAsset: {fileID: 0}
  m_GameObject: {fileID: 1521464647}
  m_Mesh: {fileID: 10202, guid: 0000000000000000e000000000000000, type: 0}
--- !u!4 &1521464651
Transform:
  m_ObjectHideFlags: 0
  m_CorrespondingSourceObject: {fileID: 0}
  m_PrefabInstance: {fileID: 0}
  m_PrefabAsset: {fileID: 0}
  m_GameObject: {fileID: 1521464647}
  m_LocalRotation: {x: -0, y: -0.4845455, z: -0, w: 0.87476605}
  m_LocalPosition: {x: -0.3, y: -2.63, z: -0.33}
  m_LocalScale: {x: 15, y: 15, z: 15}
  m_Children: []
  m_Father: {fileID: 0}
  m_RootOrder: 2
  m_LocalEulerAnglesHint: {x: 0, y: -57.965004, z: 0}
--- !u!1 &1882519040
GameObject:
  m_ObjectHideFlags: 0
  m_CorrespondingSourceObject: {fileID: 0}
  m_PrefabInstance: {fileID: 0}
  m_PrefabAsset: {fileID: 0}
  serializedVersion: 6
  m_Component:
  - component: {fileID: 1882519041}
  m_Layer: 0
  m_Name: WeaponParent
  m_TagString: Untagged
  m_Icon: {fileID: 0}
  m_NavMeshLayer: 0
  m_StaticEditorFlags: 0
  m_IsActive: 1
--- !u!4 &1882519041
Transform:
  m_ObjectHideFlags: 0
  m_CorrespondingSourceObject: {fileID: 0}
  m_PrefabInstance: {fileID: 0}
  m_PrefabAsset: {fileID: 0}
  m_GameObject: {fileID: 1882519040}
  m_LocalRotation: {x: -0.70839775, y: -0.0003185021, z: -0.0022091807, w: 0.70580995}
  m_LocalPosition: {x: 0.11881657, y: -0.02698338, z: 0.0073190574}
  m_LocalScale: {x: 1, y: 1, z: 1}
  m_Children: []
  m_Father: {fileID: 4946329893230491}
  m_RootOrder: 5
  m_LocalEulerAnglesHint: {x: 0, y: 0, z: 0}
--- !u!1001 &1897245201
PrefabInstance:
  m_ObjectHideFlags: 0
  serializedVersion: 2
  m_Modification:
    m_TransformParent: {fileID: 0}
    m_Modifications:
    - target: {fileID: 6794152249017783189, guid: ae53e7ee3f2a4094f9afd6ff833646b3,
        type: 3}
      propertyPath: m_LocalPosition.x
      value: 0
      objectReference: {fileID: 0}
    - target: {fileID: 6794152249017783189, guid: ae53e7ee3f2a4094f9afd6ff833646b3,
        type: 3}
      propertyPath: m_LocalPosition.y
      value: 0
      objectReference: {fileID: 0}
    - target: {fileID: 6794152249017783189, guid: ae53e7ee3f2a4094f9afd6ff833646b3,
        type: 3}
      propertyPath: m_LocalPosition.z
      value: 0
      objectReference: {fileID: 0}
    - target: {fileID: 6794152249017783189, guid: ae53e7ee3f2a4094f9afd6ff833646b3,
        type: 3}
      propertyPath: m_LocalRotation.x
      value: 0
      objectReference: {fileID: 0}
    - target: {fileID: 6794152249017783189, guid: ae53e7ee3f2a4094f9afd6ff833646b3,
        type: 3}
      propertyPath: m_LocalRotation.y
      value: 0
      objectReference: {fileID: 0}
    - target: {fileID: 6794152249017783189, guid: ae53e7ee3f2a4094f9afd6ff833646b3,
        type: 3}
      propertyPath: m_LocalRotation.z
      value: 0
      objectReference: {fileID: 0}
    - target: {fileID: 6794152249017783189, guid: ae53e7ee3f2a4094f9afd6ff833646b3,
        type: 3}
      propertyPath: m_LocalRotation.w
      value: 1
      objectReference: {fileID: 0}
    - target: {fileID: 6794152249017783189, guid: ae53e7ee3f2a4094f9afd6ff833646b3,
        type: 3}
      propertyPath: m_RootOrder
      value: 3
      objectReference: {fileID: 0}
    - target: {fileID: 6794152249017783189, guid: ae53e7ee3f2a4094f9afd6ff833646b3,
        type: 3}
      propertyPath: m_LocalEulerAnglesHint.x
      value: 0
      objectReference: {fileID: 0}
    - target: {fileID: 6794152249017783189, guid: ae53e7ee3f2a4094f9afd6ff833646b3,
        type: 3}
      propertyPath: m_LocalEulerAnglesHint.y
      value: 0
      objectReference: {fileID: 0}
    - target: {fileID: 6794152249017783189, guid: ae53e7ee3f2a4094f9afd6ff833646b3,
        type: 3}
      propertyPath: m_LocalEulerAnglesHint.z
      value: 0
      objectReference: {fileID: 0}
    - target: {fileID: 6794152249017783190, guid: ae53e7ee3f2a4094f9afd6ff833646b3,
        type: 3}
      propertyPath: m_Name
      value: PostProcessing
      objectReference: {fileID: 0}
    m_RemovedComponents: []
  m_SourcePrefab: {fileID: 100100000, guid: ae53e7ee3f2a4094f9afd6ff833646b3, type: 3}
--- !u!1 &1968147150
GameObject:
  m_ObjectHideFlags: 0
  m_CorrespondingSourceObject: {fileID: 0}
  m_PrefabInstance: {fileID: 0}
  m_PrefabAsset: {fileID: 0}
  serializedVersion: 6
  m_Component:
  - component: {fileID: 1968147152}
  - component: {fileID: 1968147151}
  m_Layer: 0
  m_Name: Directional Light
  m_TagString: Untagged
  m_Icon: {fileID: 0}
  m_NavMeshLayer: 0
  m_StaticEditorFlags: 0
  m_IsActive: 1
--- !u!108 &1968147151
Light:
  m_ObjectHideFlags: 0
  m_CorrespondingSourceObject: {fileID: 0}
  m_PrefabInstance: {fileID: 0}
  m_PrefabAsset: {fileID: 0}
  m_GameObject: {fileID: 1968147150}
  m_Enabled: 1
  serializedVersion: 10
  m_Type: 1
  m_Shape: 0
  m_Color: {r: 1, g: 0.95686275, b: 0.8392157, a: 1}
  m_Intensity: 1.4
  m_Range: 10
  m_SpotAngle: 30
  m_InnerSpotAngle: 21.80208
  m_CookieSize: 10
  m_Shadows:
    m_Type: 2
    m_Resolution: -1
    m_CustomResolution: -1
    m_Strength: 1
    m_Bias: 0.05
    m_NormalBias: 0.4
    m_NearPlane: 0.2
    m_CullingMatrixOverride:
      e00: 1
      e01: 0
      e02: 0
      e03: 0
      e10: 0
      e11: 1
      e12: 0
      e13: 0
      e20: 0
      e21: 0
      e22: 1
      e23: 0
      e30: 0
      e31: 0
      e32: 0
      e33: 1
    m_UseCullingMatrixOverride: 0
  m_Cookie: {fileID: 0}
  m_DrawHalo: 0
  m_Flare: {fileID: 0}
  m_RenderMode: 0
  m_CullingMask:
    serializedVersion: 2
    m_Bits: 4294967295
  m_RenderingLayerMask: 1
  m_Lightmapping: 4
  m_LightShadowCasterMode: 0
  m_AreaSize: {x: 1, y: 1}
  m_BounceIntensity: 1
  m_ColorTemperature: 6570
  m_UseColorTemperature: 0
  m_BoundingSphereOverride: {x: 0, y: 0, z: 0, w: 0}
  m_UseBoundingSphereOverride: 0
  m_ShadowRadius: 0
  m_ShadowAngle: 0
--- !u!4 &1968147152
Transform:
  m_ObjectHideFlags: 0
  m_CorrespondingSourceObject: {fileID: 0}
  m_PrefabInstance: {fileID: 0}
  m_PrefabAsset: {fileID: 0}
  m_GameObject: {fileID: 1968147150}
  m_LocalRotation: {x: 0.40821788, y: -0.23456968, z: 0.10938163, w: 0.8754261}
  m_LocalPosition: {x: 0, y: 3, z: 0}
  m_LocalScale: {x: 1, y: 1, z: 1}
  m_Children: []
  m_Father: {fileID: 0}
  m_RootOrder: 1
  m_LocalEulerAnglesHint: {x: 50, y: -30, z: 0}
--- !u!1 &1000827184804031
GameObject:
  m_ObjectHideFlags: 0
  m_CorrespondingSourceObject: {fileID: 0}
  m_PrefabInstance: {fileID: 0}
  m_PrefabAsset: {fileID: 0}
  serializedVersion: 6
  m_Component:
  - component: {fileID: 4562540751679345}
  m_Layer: 0
  m_Name: lowerarm_l
  m_TagString: Untagged
  m_Icon: {fileID: 0}
  m_NavMeshLayer: 0
  m_StaticEditorFlags: 0
  m_IsActive: 1
--- !u!1 &1007515633427423
GameObject:
  m_ObjectHideFlags: 0
  m_CorrespondingSourceObject: {fileID: 0}
  m_PrefabInstance: {fileID: 0}
  m_PrefabAsset: {fileID: 0}
  serializedVersion: 6
  m_Component:
  - component: {fileID: 4635522136448513}
  m_Layer: 0
  m_Name: clavicle_l
  m_TagString: Untagged
  m_Icon: {fileID: 0}
  m_NavMeshLayer: 0
  m_StaticEditorFlags: 0
  m_IsActive: 1
--- !u!1 &1010489826310305
GameObject:
  m_ObjectHideFlags: 0
  m_CorrespondingSourceObject: {fileID: 0}
  m_PrefabInstance: {fileID: 0}
  m_PrefabAsset: {fileID: 0}
  serializedVersion: 6
  m_Component:
  - component: {fileID: 4082685860287685}
  m_Layer: 0
  m_Name: shoulderPad_r
  m_TagString: Untagged
  m_Icon: {fileID: 0}
  m_NavMeshLayer: 0
  m_StaticEditorFlags: 0
  m_IsActive: 1
--- !u!1 &1014225658571591
GameObject:
  m_ObjectHideFlags: 0
  m_CorrespondingSourceObject: {fileID: 0}
  m_PrefabInstance: {fileID: 0}
  m_PrefabAsset: {fileID: 0}
  serializedVersion: 6
  m_Component:
  - component: {fileID: 4499522958007701}
  m_Layer: 0
  m_Name: ring_01_r
  m_TagString: Untagged
  m_Icon: {fileID: 0}
  m_NavMeshLayer: 0
  m_StaticEditorFlags: 0
  m_IsActive: 1
--- !u!1 &1046538472974809
GameObject:
  m_ObjectHideFlags: 0
  m_CorrespondingSourceObject: {fileID: 0}
  m_PrefabInstance: {fileID: 0}
  m_PrefabAsset: {fileID: 0}
  serializedVersion: 6
  m_Component:
  - component: {fileID: 4197838621431541}
  m_Layer: 0
  m_Name: backpackShield01
  m_TagString: Untagged
  m_Icon: {fileID: 0}
  m_NavMeshLayer: 0
  m_StaticEditorFlags: 0
  m_IsActive: 1
--- !u!1 &1047837640462231
GameObject:
  m_ObjectHideFlags: 0
  m_CorrespondingSourceObject: {fileID: 0}
  m_PrefabInstance: {fileID: 0}
  m_PrefabAsset: {fileID: 0}
  serializedVersion: 6
  m_Component:
  - component: {fileID: 4142661687234225}
  m_Layer: 0
  m_Name: index_02_r
  m_TagString: Untagged
  m_Icon: {fileID: 0}
  m_NavMeshLayer: 0
  m_StaticEditorFlags: 0
  m_IsActive: 1
--- !u!1 &1051749411779229
GameObject:
  m_ObjectHideFlags: 0
  m_CorrespondingSourceObject: {fileID: 0}
  m_PrefabInstance: {fileID: 0}
  m_PrefabAsset: {fileID: 0}
  serializedVersion: 6
  m_Component:
  - component: {fileID: 4738268740198033}
  m_Layer: 0
  m_Name: pinky_02_l
  m_TagString: Untagged
  m_Icon: {fileID: 0}
  m_NavMeshLayer: 0
  m_StaticEditorFlags: 0
  m_IsActive: 1
--- !u!1 &1083468615204423
GameObject:
  m_ObjectHideFlags: 0
  m_CorrespondingSourceObject: {fileID: 0}
  m_PrefabInstance: {fileID: 0}
  m_PrefabAsset: {fileID: 0}
  serializedVersion: 6
  m_Component:
  - component: {fileID: 4182946959851797}
  m_Layer: 0
  m_Name: head
  m_TagString: Untagged
  m_Icon: {fileID: 0}
  m_NavMeshLayer: 0
  m_StaticEditorFlags: 0
  m_IsActive: 1
--- !u!1 &1092925423479051
GameObject:
  m_ObjectHideFlags: 0
  m_CorrespondingSourceObject: {fileID: 0}
  m_PrefabInstance: {fileID: 0}
  m_PrefabAsset: {fileID: 0}
  serializedVersion: 6
  m_Component:
  - component: {fileID: 4112031145031521}
  m_Layer: 0
  m_Name: thumb_03_l
  m_TagString: Untagged
  m_Icon: {fileID: 0}
  m_NavMeshLayer: 0
  m_StaticEditorFlags: 0
  m_IsActive: 1
--- !u!1 &1100432815205505
GameObject:
  m_ObjectHideFlags: 0
  m_CorrespondingSourceObject: {fileID: 0}
  m_PrefabInstance: {fileID: 0}
  m_PrefabAsset: {fileID: 0}
  serializedVersion: 6
  m_Component:
  - component: {fileID: 4476970244095177}
  m_Layer: 0
  m_Name: index_01_r
  m_TagString: Untagged
  m_Icon: {fileID: 0}
  m_NavMeshLayer: 0
  m_StaticEditorFlags: 0
  m_IsActive: 1
--- !u!1 &1166532710159285
GameObject:
  m_ObjectHideFlags: 0
  m_CorrespondingSourceObject: {fileID: 0}
  m_PrefabInstance: {fileID: 0}
  m_PrefabAsset: {fileID: 0}
  serializedVersion: 6
  m_Component:
  - component: {fileID: 4329582378367963}
  m_Layer: 0
  m_Name: ring_01_l
  m_TagString: Untagged
  m_Icon: {fileID: 0}
  m_NavMeshLayer: 0
  m_StaticEditorFlags: 0
  m_IsActive: 1
--- !u!1 &1169892916656959
GameObject:
  m_ObjectHideFlags: 0
  m_CorrespondingSourceObject: {fileID: 0}
  m_PrefabInstance: {fileID: 0}
  m_PrefabAsset: {fileID: 0}
  serializedVersion: 6
  m_Component:
  - component: {fileID: 4202415868827883}
  m_Layer: 0
  m_Name: pinky_02_r
  m_TagString: Untagged
  m_Icon: {fileID: 0}
  m_NavMeshLayer: 0
  m_StaticEditorFlags: 0
  m_IsActive: 1
--- !u!1 &1191732835785085
GameObject:
  m_ObjectHideFlags: 0
  m_CorrespondingSourceObject: {fileID: 0}
  m_PrefabInstance: {fileID: 0}
  m_PrefabAsset: {fileID: 0}
  serializedVersion: 6
  m_Component:
  - component: {fileID: 4656051560124511}
  m_Layer: 0
  m_Name: middle_01_l
  m_TagString: Untagged
  m_Icon: {fileID: 0}
  m_NavMeshLayer: 0
  m_StaticEditorFlags: 0
  m_IsActive: 1
--- !u!1 &1208669312292147
GameObject:
  m_ObjectHideFlags: 0
  m_CorrespondingSourceObject: {fileID: 0}
  m_PrefabInstance: {fileID: 0}
  m_PrefabAsset: {fileID: 0}
  serializedVersion: 6
  m_Component:
  - component: {fileID: 4380564597070189}
  m_Layer: 0
  m_Name: pinky_03_l
  m_TagString: Untagged
  m_Icon: {fileID: 0}
  m_NavMeshLayer: 0
  m_StaticEditorFlags: 0
  m_IsActive: 1
--- !u!1 &1212061388525343
GameObject:
  m_ObjectHideFlags: 0
  m_CorrespondingSourceObject: {fileID: 0}
  m_PrefabInstance: {fileID: 0}
  m_PrefabAsset: {fileID: 0}
  serializedVersion: 6
  m_Component:
  - component: {fileID: 4728926614254465}
  m_Layer: 0
  m_Name: middle_02_l
  m_TagString: Untagged
  m_Icon: {fileID: 0}
  m_NavMeshLayer: 0
  m_StaticEditorFlags: 0
  m_IsActive: 1
--- !u!1 &1229100120321913
GameObject:
  m_ObjectHideFlags: 0
  m_CorrespondingSourceObject: {fileID: 0}
  m_PrefabInstance: {fileID: 0}
  m_PrefabAsset: {fileID: 0}
  serializedVersion: 6
  m_Component:
  - component: {fileID: 4156674829117089}
  m_Layer: 0
  m_Name: spine_01
  m_TagString: Untagged
  m_Icon: {fileID: 0}
  m_NavMeshLayer: 0
  m_StaticEditorFlags: 0
  m_IsActive: 1
--- !u!1 &1231358798090933
GameObject:
  m_ObjectHideFlags: 0
  m_CorrespondingSourceObject: {fileID: 0}
  m_PrefabInstance: {fileID: 0}
  m_PrefabAsset: {fileID: 0}
  serializedVersion: 6
  m_Component:
  - component: {fileID: 4719799211365295}
  m_Layer: 0
  m_Name: foot_l
  m_TagString: Untagged
  m_Icon: {fileID: 0}
  m_NavMeshLayer: 0
  m_StaticEditorFlags: 0
  m_IsActive: 1
--- !u!1 &1238084307598577
GameObject:
  m_ObjectHideFlags: 0
  m_CorrespondingSourceObject: {fileID: 0}
  m_PrefabInstance: {fileID: 0}
  m_PrefabAsset: {fileID: 0}
  serializedVersion: 6
  m_Component:
  - component: {fileID: 4157240639534709}
  m_Layer: 0
  m_Name: weaponShield_r
  m_TagString: Untagged
  m_Icon: {fileID: 0}
  m_NavMeshLayer: 0
  m_StaticEditorFlags: 0
  m_IsActive: 1
--- !u!1 &1245328167476211
GameObject:
  m_ObjectHideFlags: 0
  m_CorrespondingSourceObject: {fileID: 0}
  m_PrefabInstance: {fileID: 0}
  m_PrefabAsset: {fileID: 0}
  serializedVersion: 6
  m_Component:
  - component: {fileID: 4241659934942925}
  m_Layer: 0
  m_Name: calf_r
  m_TagString: Untagged
  m_Icon: {fileID: 0}
  m_NavMeshLayer: 0
  m_StaticEditorFlags: 0
  m_IsActive: 1
--- !u!1 &1263309235603327
GameObject:
  m_ObjectHideFlags: 0
  m_CorrespondingSourceObject: {fileID: 0}
  m_PrefabInstance: {fileID: 0}
  m_PrefabAsset: {fileID: 0}
  serializedVersion: 6
  m_Component:
  - component: {fileID: 4643339252708649}
  m_Layer: 0
  m_Name: pinky_01_l
  m_TagString: Untagged
  m_Icon: {fileID: 0}
  m_NavMeshLayer: 0
  m_StaticEditorFlags: 0
  m_IsActive: 1
--- !u!1 &1264608234231407
GameObject:
  m_ObjectHideFlags: 0
  m_CorrespondingSourceObject: {fileID: 0}
  m_PrefabInstance: {fileID: 0}
  m_PrefabAsset: {fileID: 0}
  serializedVersion: 6
  m_Component:
  - component: {fileID: 4812191689144651}
  m_Layer: 0
  m_Name: pelvis
  m_TagString: Untagged
  m_Icon: {fileID: 0}
  m_NavMeshLayer: 0
  m_StaticEditorFlags: 0
  m_IsActive: 1
--- !u!1 &1274040586040861
GameObject:
  m_ObjectHideFlags: 0
  m_CorrespondingSourceObject: {fileID: 0}
  m_PrefabInstance: {fileID: 0}
  m_PrefabAsset: {fileID: 0}
  serializedVersion: 6
  m_Component:
  - component: {fileID: 4404179575769707}
  m_Layer: 0
  m_Name: thumb_02_r
  m_TagString: Untagged
  m_Icon: {fileID: 0}
  m_NavMeshLayer: 0
  m_StaticEditorFlags: 0
  m_IsActive: 1
--- !u!1 &1280777376095055
GameObject:
  m_ObjectHideFlags: 0
  m_CorrespondingSourceObject: {fileID: 0}
  m_PrefabInstance: {fileID: 0}
  m_PrefabAsset: {fileID: 0}
  serializedVersion: 6
  m_Component:
  - component: {fileID: 4012303794020525}
  m_Layer: 0
  m_Name: thumb_03_r
  m_TagString: Untagged
  m_Icon: {fileID: 0}
  m_NavMeshLayer: 0
  m_StaticEditorFlags: 0
  m_IsActive: 1
--- !u!1 &1315412126329043
GameObject:
  m_ObjectHideFlags: 0
  m_CorrespondingSourceObject: {fileID: 0}
  m_PrefabInstance: {fileID: 0}
  m_PrefabAsset: {fileID: 0}
  serializedVersion: 6
  m_Component:
  - component: {fileID: 4227887490166205}
  m_Layer: 0
  m_Name: hand_l
  m_TagString: Untagged
  m_Icon: {fileID: 0}
  m_NavMeshLayer: 0
  m_StaticEditorFlags: 0
  m_IsActive: 1
--- !u!1 &1320730050176965
GameObject:
  m_ObjectHideFlags: 0
  m_CorrespondingSourceObject: {fileID: 0}
  m_PrefabInstance: {fileID: 0}
  m_PrefabAsset: {fileID: 0}
  serializedVersion: 6
  m_Component:
  - component: {fileID: 4778011859864695}
  m_Layer: 0
  m_Name: thigh_l
  m_TagString: Untagged
  m_Icon: {fileID: 0}
  m_NavMeshLayer: 0
  m_StaticEditorFlags: 0
  m_IsActive: 1
--- !u!1 &1322305117193889
GameObject:
  m_ObjectHideFlags: 0
  m_CorrespondingSourceObject: {fileID: 0}
  m_PrefabInstance: {fileID: 0}
  m_PrefabAsset: {fileID: 0}
  serializedVersion: 6
  m_Component:
  - component: {fileID: 4537929129065959}
  m_Layer: 0
  m_Name: index_03_l
  m_TagString: Untagged
  m_Icon: {fileID: 0}
  m_NavMeshLayer: 0
  m_StaticEditorFlags: 0
  m_IsActive: 1
--- !u!1 &1359561001937201
GameObject:
  m_ObjectHideFlags: 0
  m_CorrespondingSourceObject: {fileID: 0}
  m_PrefabInstance: {fileID: 0}
  m_PrefabAsset: {fileID: 0}
  serializedVersion: 6
  m_Component:
  - component: {fileID: 4257159710804471}
  m_Layer: 0
  m_Name: ball_r
  m_TagString: Untagged
  m_Icon: {fileID: 0}
  m_NavMeshLayer: 0
  m_StaticEditorFlags: 0
  m_IsActive: 1
--- !u!1 &1374218957932027
GameObject:
  m_ObjectHideFlags: 0
  m_CorrespondingSourceObject: {fileID: 0}
  m_PrefabInstance: {fileID: 0}
  m_PrefabAsset: {fileID: 0}
  serializedVersion: 6
  m_Component:
  - component: {fileID: 4950161034603197}
  m_Layer: 0
  m_Name: spine_02
  m_TagString: Untagged
  m_Icon: {fileID: 0}
  m_NavMeshLayer: 0
  m_StaticEditorFlags: 0
  m_IsActive: 1
--- !u!1 &1375284331267847
GameObject:
  m_ObjectHideFlags: 0
  m_CorrespondingSourceObject: {fileID: 0}
  m_PrefabInstance: {fileID: 0}
  m_PrefabAsset: {fileID: 0}
  serializedVersion: 6
  m_Component:
  - component: {fileID: 4399296312646781}
  m_Layer: 0
  m_Name: pinky_01_r
  m_TagString: Untagged
  m_Icon: {fileID: 0}
  m_NavMeshLayer: 0
  m_StaticEditorFlags: 0
  m_IsActive: 1
--- !u!1 &1417233914149715
GameObject:
  m_ObjectHideFlags: 0
  m_CorrespondingSourceObject: {fileID: 0}
  m_PrefabInstance: {fileID: 0}
  m_PrefabAsset: {fileID: 0}
  serializedVersion: 6
  m_Component:
  - component: {fileID: 4413292423858133}
  - component: {fileID: 137211738348983867}
  m_Layer: 0
  m_Name: polySurface1
  m_TagString: Untagged
  m_Icon: {fileID: 0}
  m_NavMeshLayer: 0
  m_StaticEditorFlags: 0
  m_IsActive: 1
--- !u!1 &1418476921207911
GameObject:
  m_ObjectHideFlags: 0
  m_CorrespondingSourceObject: {fileID: 0}
  m_PrefabInstance: {fileID: 0}
  m_PrefabAsset: {fileID: 0}
  serializedVersion: 6
  m_Component:
  - component: {fileID: 4612967789314407}
  m_Layer: 0
  m_Name: foot_r
  m_TagString: Untagged
  m_Icon: {fileID: 0}
  m_NavMeshLayer: 0
  m_StaticEditorFlags: 0
  m_IsActive: 1
--- !u!1 &1419026378443313
GameObject:
  m_ObjectHideFlags: 0
  m_CorrespondingSourceObject: {fileID: 0}
  m_PrefabInstance: {fileID: 0}
  m_PrefabAsset: {fileID: 0}
  serializedVersion: 6
  m_Component:
  - component: {fileID: 4095895364305469}
  m_Layer: 0
  m_Name: thumb_01_l
  m_TagString: Untagged
  m_Icon: {fileID: 0}
  m_NavMeshLayer: 0
  m_StaticEditorFlags: 0
  m_IsActive: 1
--- !u!1 &1421276849882453
GameObject:
  m_ObjectHideFlags: 0
  m_CorrespondingSourceObject: {fileID: 0}
  m_PrefabInstance: {fileID: 0}
  m_PrefabAsset: {fileID: 0}
  serializedVersion: 6
  m_Component:
  - component: {fileID: 4083766973444635}
  m_Layer: 0
  m_Name: shoulderPad_l
  m_TagString: Untagged
  m_Icon: {fileID: 0}
  m_NavMeshLayer: 0
  m_StaticEditorFlags: 0
  m_IsActive: 1
--- !u!1 &1433748257029511
GameObject:
  m_ObjectHideFlags: 0
  m_CorrespondingSourceObject: {fileID: 0}
  m_PrefabInstance: {fileID: 0}
  m_PrefabAsset: {fileID: 0}
  serializedVersion: 6
  m_Component:
  - component: {fileID: 4346296182524903}
  m_Layer: 0
  m_Name: index_02_l
  m_TagString: Untagged
  m_Icon: {fileID: 0}
  m_NavMeshLayer: 0
  m_StaticEditorFlags: 0
  m_IsActive: 1
--- !u!1 &1434346211056283
GameObject:
  m_ObjectHideFlags: 0
  m_CorrespondingSourceObject: {fileID: 0}
  m_PrefabInstance: {fileID: 0}
  m_PrefabAsset: {fileID: 0}
  serializedVersion: 6
  m_Component:
  - component: {fileID: 4510867166305623}
  m_Layer: 0
  m_Name: weaponShield_l
  m_TagString: Untagged
  m_Icon: {fileID: 0}
  m_NavMeshLayer: 0
  m_StaticEditorFlags: 0
  m_IsActive: 1
--- !u!1 &1450982047591451
GameObject:
  m_ObjectHideFlags: 0
  m_CorrespondingSourceObject: {fileID: 0}
  m_PrefabInstance: {fileID: 0}
  m_PrefabAsset: {fileID: 0}
  serializedVersion: 6
  m_Component:
  - component: {fileID: 4334159499792191}
  m_Layer: 0
  m_Name: lowerarm_r
  m_TagString: Untagged
  m_Icon: {fileID: 0}
  m_NavMeshLayer: 0
  m_StaticEditorFlags: 0
  m_IsActive: 1
--- !u!1 &1456795542389489
GameObject:
  m_ObjectHideFlags: 0
  m_CorrespondingSourceObject: {fileID: 0}
  m_PrefabInstance: {fileID: 0}
  m_PrefabAsset: {fileID: 0}
  serializedVersion: 6
  m_Component:
  - component: {fileID: 4701342568193207}
  m_Layer: 0
  m_Name: ring_02_l
  m_TagString: Untagged
  m_Icon: {fileID: 0}
  m_NavMeshLayer: 0
  m_StaticEditorFlags: 0
  m_IsActive: 1
--- !u!1 &1462974022283531
GameObject:
  m_ObjectHideFlags: 0
  m_CorrespondingSourceObject: {fileID: 0}
  m_PrefabInstance: {fileID: 0}
  m_PrefabAsset: {fileID: 0}
  serializedVersion: 6
  m_Component:
  - component: {fileID: 4313979904292111}
  m_Layer: 0
  m_Name: middle_03_r
  m_TagString: Untagged
  m_Icon: {fileID: 0}
  m_NavMeshLayer: 0
  m_StaticEditorFlags: 0
  m_IsActive: 1
--- !u!1 &1476427774488701
GameObject:
  m_ObjectHideFlags: 0
  m_CorrespondingSourceObject: {fileID: 0}
  m_PrefabInstance: {fileID: 0}
  m_PrefabAsset: {fileID: 0}
  serializedVersion: 6
  m_Component:
  - component: {fileID: 4102358439725013}
  m_Layer: 0
  m_Name: root
  m_TagString: Untagged
  m_Icon: {fileID: 0}
  m_NavMeshLayer: 0
  m_StaticEditorFlags: 0
  m_IsActive: 1
--- !u!1 &1482867465144879
GameObject:
  m_ObjectHideFlags: 0
  m_CorrespondingSourceObject: {fileID: 0}
  m_PrefabInstance: {fileID: 0}
  m_PrefabAsset: {fileID: 0}
  serializedVersion: 6
  m_Component:
  - component: {fileID: 4666856050671753}
  m_Layer: 0
  m_Name: middle_02_r
  m_TagString: Untagged
  m_Icon: {fileID: 0}
  m_NavMeshLayer: 0
  m_StaticEditorFlags: 0
  m_IsActive: 1
--- !u!1 &1486531191881415
GameObject:
  m_ObjectHideFlags: 0
  m_CorrespondingSourceObject: {fileID: 0}
  m_PrefabInstance: {fileID: 0}
  m_PrefabAsset: {fileID: 0}
  serializedVersion: 6
  m_Component:
  - component: {fileID: 4483193431677997}
  m_Layer: 0
  m_Name: calf_l
  m_TagString: Untagged
  m_Icon: {fileID: 0}
  m_NavMeshLayer: 0
  m_StaticEditorFlags: 0
  m_IsActive: 1
--- !u!1 &1506120086605269
GameObject:
  m_ObjectHideFlags: 0
  m_CorrespondingSourceObject: {fileID: 0}
  m_PrefabInstance: {fileID: 0}
  m_PrefabAsset: {fileID: 0}
  serializedVersion: 6
  m_Component:
  - component: {fileID: 4946329893230491}
  m_Layer: 0
  m_Name: hand_r
  m_TagString: Untagged
  m_Icon: {fileID: 0}
  m_NavMeshLayer: 0
  m_StaticEditorFlags: 0
  m_IsActive: 1
--- !u!1 &1539724317586571
GameObject:
  m_ObjectHideFlags: 0
  m_CorrespondingSourceObject: {fileID: 0}
  m_PrefabInstance: {fileID: 0}
  m_PrefabAsset: {fileID: 0}
  serializedVersion: 6
  m_Component:
  - component: {fileID: 4504938614352019}
  m_Layer: 0
  m_Name: weaponPositionTop
  m_TagString: Untagged
  m_Icon: {fileID: 0}
  m_NavMeshLayer: 0
  m_StaticEditorFlags: 0
  m_IsActive: 1
--- !u!1 &1545697698271511
GameObject:
  m_ObjectHideFlags: 0
  m_CorrespondingSourceObject: {fileID: 0}
  m_PrefabInstance: {fileID: 0}
  m_PrefabAsset: {fileID: 0}
  serializedVersion: 6
  m_Component:
  - component: {fileID: 4733781887396999}
  m_Layer: 0
  m_Name: thumb_01_r
  m_TagString: Untagged
  m_Icon: {fileID: 0}
  m_NavMeshLayer: 0
  m_StaticEditorFlags: 0
  m_IsActive: 1
--- !u!1 &1561014478355879
GameObject:
  m_ObjectHideFlags: 0
  m_CorrespondingSourceObject: {fileID: 0}
  m_PrefabInstance: {fileID: 0}
  m_PrefabAsset: {fileID: 0}
  serializedVersion: 6
  m_Component:
  - component: {fileID: 4629212945209323}
  m_Layer: 0
  m_Name: middle_03_l
  m_TagString: Untagged
  m_Icon: {fileID: 0}
  m_NavMeshLayer: 0
  m_StaticEditorFlags: 0
  m_IsActive: 1
--- !u!1 &1567841357239617
GameObject:
  m_ObjectHideFlags: 0
  m_CorrespondingSourceObject: {fileID: 0}
  m_PrefabInstance: {fileID: 0}
  m_PrefabAsset: {fileID: 0}
  serializedVersion: 6
  m_Component:
  - component: {fileID: 4702936335114055}
  m_Layer: 0
  m_Name: spine_03
  m_TagString: Untagged
  m_Icon: {fileID: 0}
  m_NavMeshLayer: 0
  m_StaticEditorFlags: 0
  m_IsActive: 1
--- !u!1 &1579036500150295
GameObject:
  m_ObjectHideFlags: 0
  m_CorrespondingSourceObject: {fileID: 0}
  m_PrefabInstance: {fileID: 0}
  m_PrefabAsset: {fileID: 0}
  serializedVersion: 6
  m_Component:
  - component: {fileID: 4942340131220523}
  m_Layer: 0
  m_Name: backpackShield02
  m_TagString: Untagged
  m_Icon: {fileID: 0}
  m_NavMeshLayer: 0
  m_StaticEditorFlags: 0
  m_IsActive: 1
--- !u!1 &1581741911384411
GameObject:
  m_ObjectHideFlags: 0
  m_CorrespondingSourceObject: {fileID: 0}
  m_PrefabInstance: {fileID: 0}
  m_PrefabAsset: {fileID: 0}
  serializedVersion: 6
  m_Component:
  - component: {fileID: 4586935382762119}
  m_Layer: 0
  m_Name: goggle
  m_TagString: Untagged
  m_Icon: {fileID: 0}
  m_NavMeshLayer: 0
  m_StaticEditorFlags: 0
  m_IsActive: 1
--- !u!1 &1602450690520759
GameObject:
  m_ObjectHideFlags: 0
  m_CorrespondingSourceObject: {fileID: 0}
  m_PrefabInstance: {fileID: 0}
  m_PrefabAsset: {fileID: 0}
  serializedVersion: 6
  m_Component:
  - component: {fileID: 4791231896018811}
  m_Layer: 0
  m_Name: clavicle_r
  m_TagString: Untagged
  m_Icon: {fileID: 0}
  m_NavMeshLayer: 0
  m_StaticEditorFlags: 0
  m_IsActive: 1
--- !u!1 &1631278486140787
GameObject:
  m_ObjectHideFlags: 0
  m_CorrespondingSourceObject: {fileID: 0}
  m_PrefabInstance: {fileID: 0}
  m_PrefabAsset: {fileID: 0}
  serializedVersion: 6
  m_Component:
  - component: {fileID: 4436153815762391}
  m_Layer: 0
  m_Name: upperarm_r
  m_TagString: Untagged
  m_Icon: {fileID: 0}
  m_NavMeshLayer: 0
  m_StaticEditorFlags: 0
  m_IsActive: 1
--- !u!1 &1643058705111297
GameObject:
  m_ObjectHideFlags: 0
  m_CorrespondingSourceObject: {fileID: 0}
  m_PrefabInstance: {fileID: 0}
  m_PrefabAsset: {fileID: 0}
  serializedVersion: 6
  m_Component:
  - component: {fileID: 4101572834835905}
  m_Layer: 0
  m_Name: thumb_02_l
  m_TagString: Untagged
  m_Icon: {fileID: 0}
  m_NavMeshLayer: 0
  m_StaticEditorFlags: 0
  m_IsActive: 1
--- !u!1 &1664819237716067
GameObject:
  m_ObjectHideFlags: 0
  m_CorrespondingSourceObject: {fileID: 0}
  m_PrefabInstance: {fileID: 0}
  m_PrefabAsset: {fileID: 0}
  serializedVersion: 6
  m_Component:
  - component: {fileID: 4158346228882761}
  m_Layer: 0
  m_Name: ring_03_l
  m_TagString: Untagged
  m_Icon: {fileID: 0}
  m_NavMeshLayer: 0
  m_StaticEditorFlags: 0
  m_IsActive: 1
--- !u!1 &1714898984535781
GameObject:
  m_ObjectHideFlags: 0
  m_CorrespondingSourceObject: {fileID: 0}
  m_PrefabInstance: {fileID: 0}
  m_PrefabAsset: {fileID: 0}
  serializedVersion: 6
  m_Component:
  - component: {fileID: 4844578694363695}
  m_Layer: 0
  m_Name: thigh_r
  m_TagString: Untagged
  m_Icon: {fileID: 0}
  m_NavMeshLayer: 0
  m_StaticEditorFlags: 0
  m_IsActive: 1
--- !u!1 &1736801371510247
GameObject:
  m_ObjectHideFlags: 0
  m_CorrespondingSourceObject: {fileID: 0}
  m_PrefabInstance: {fileID: 0}
  m_PrefabAsset: {fileID: 0}
  serializedVersion: 6
  m_Component:
  - component: {fileID: 4208472718783289}
  m_Layer: 0
  m_Name: neck_01
  m_TagString: Untagged
  m_Icon: {fileID: 0}
  m_NavMeshLayer: 0
  m_StaticEditorFlags: 0
  m_IsActive: 1
--- !u!1 &1763371870689503
GameObject:
  m_ObjectHideFlags: 0
  m_CorrespondingSourceObject: {fileID: 0}
  m_PrefabInstance: {fileID: 0}
  m_PrefabAsset: {fileID: 0}
  serializedVersion: 6
  m_Component:
  - component: {fileID: 4398422799649227}
  m_Layer: 0
  m_Name: pinky_03_r
  m_TagString: Untagged
  m_Icon: {fileID: 0}
  m_NavMeshLayer: 0
  m_StaticEditorFlags: 0
  m_IsActive: 1
--- !u!1 &1774394646777019
GameObject:
  m_ObjectHideFlags: 0
  m_CorrespondingSourceObject: {fileID: 0}
  m_PrefabInstance: {fileID: 0}
  m_PrefabAsset: {fileID: 0}
  serializedVersion: 6
  m_Component:
  - component: {fileID: 4180313246347251}
  m_Layer: 0
  m_Name: ring_02_r
  m_TagString: Untagged
  m_Icon: {fileID: 0}
  m_NavMeshLayer: 0
  m_StaticEditorFlags: 0
  m_IsActive: 1
--- !u!1 &1787526756992607
GameObject:
  m_ObjectHideFlags: 0
  m_CorrespondingSourceObject: {fileID: 0}
  m_PrefabInstance: {fileID: 0}
  m_PrefabAsset: {fileID: 0}
  serializedVersion: 6
  m_Component:
  - component: {fileID: 4090093978166665}
  - component: {fileID: 33718560704192851}
  - component: {fileID: 23882414133075461}
  m_Layer: 0
  m_Name: ShieldParent
  m_TagString: Untagged
  m_Icon: {fileID: 0}
  m_NavMeshLayer: 0
  m_StaticEditorFlags: 0
  m_IsActive: 1
--- !u!1 &1829858945166227
GameObject:
  m_ObjectHideFlags: 0
  m_CorrespondingSourceObject: {fileID: 0}
  m_PrefabInstance: {fileID: 0}
  m_PrefabAsset: {fileID: 0}
  serializedVersion: 6
  m_Component:
  - component: {fileID: 4945507497132871}
  m_Layer: 0
  m_Name: index_03_r
  m_TagString: Untagged
  m_Icon: {fileID: 0}
  m_NavMeshLayer: 0
  m_StaticEditorFlags: 0
  m_IsActive: 1
--- !u!1 &1835884707109071
GameObject:
  m_ObjectHideFlags: 0
  m_CorrespondingSourceObject: {fileID: 0}
  m_PrefabInstance: {fileID: 0}
  m_PrefabAsset: {fileID: 0}
  serializedVersion: 6
  m_Component:
  - component: {fileID: 4158095746300669}
  - component: {fileID: 95905399136557387}
  - component: {fileID: 1835884707109072}
  m_Layer: 0
  m_Name: RPGHeroPolyart
  m_TagString: Untagged
  m_Icon: {fileID: 0}
  m_NavMeshLayer: 0
  m_StaticEditorFlags: 0
  m_IsActive: 1
--- !u!114 &1835884707109072
MonoBehaviour:
  m_ObjectHideFlags: 0
  m_CorrespondingSourceObject: {fileID: 0}
  m_PrefabInstance: {fileID: 0}
  m_PrefabAsset: {fileID: 0}
  m_GameObject: {fileID: 1835884707109071}
  m_Enabled: 1
  m_EditorHideFlags: 0
  m_Script: {fileID: 11500000, guid: aefc44a5c171d67458adfcf7e153e57e, type: 3}
  m_Name: 
  m_EditorClassIdentifier: 
  playerAnimator: {fileID: 95905399136557387}
  weaponParent: {fileID: 1882519041}
  currentWeaponObject: {fileID: 0}
  attackDelay: 0
  damage: 0
  range: 0
--- !u!1 &1907505776360579
GameObject:
  m_ObjectHideFlags: 0
  m_CorrespondingSourceObject: {fileID: 0}
  m_PrefabInstance: {fileID: 0}
  m_PrefabAsset: {fileID: 0}
  serializedVersion: 6
  m_Component:
  - component: {fileID: 4787246653294875}
  m_Layer: 0
  m_Name: weaponPosition_r
  m_TagString: Untagged
  m_Icon: {fileID: 0}
  m_NavMeshLayer: 0
  m_StaticEditorFlags: 0
  m_IsActive: 1
--- !u!1 &1907807597080617
GameObject:
  m_ObjectHideFlags: 0
  m_CorrespondingSourceObject: {fileID: 0}
  m_PrefabInstance: {fileID: 0}
  m_PrefabAsset: {fileID: 0}
  serializedVersion: 6
  m_Component:
  - component: {fileID: 4299099776854359}
  m_Layer: 0
  m_Name: ball_l
  m_TagString: Untagged
  m_Icon: {fileID: 0}
  m_NavMeshLayer: 0
  m_StaticEditorFlags: 0
  m_IsActive: 1
--- !u!1 &1932600731702181
GameObject:
  m_ObjectHideFlags: 0
  m_CorrespondingSourceObject: {fileID: 0}
  m_PrefabInstance: {fileID: 0}
  m_PrefabAsset: {fileID: 0}
  serializedVersion: 6
  m_Component:
  - component: {fileID: 4294705963245885}
  m_Layer: 0
  m_Name: index_01_l
  m_TagString: Untagged
  m_Icon: {fileID: 0}
  m_NavMeshLayer: 0
  m_StaticEditorFlags: 0
  m_IsActive: 1
--- !u!1 &1949752972425073
GameObject:
  m_ObjectHideFlags: 0
  m_CorrespondingSourceObject: {fileID: 0}
  m_PrefabInstance: {fileID: 0}
  m_PrefabAsset: {fileID: 0}
  serializedVersion: 6
  m_Component:
  - component: {fileID: 4728461469293741}
  m_Layer: 0
  m_Name: weaponPosition_l
  m_TagString: Untagged
  m_Icon: {fileID: 0}
  m_NavMeshLayer: 0
  m_StaticEditorFlags: 0
  m_IsActive: 1
--- !u!1 &1953244376773223
GameObject:
  m_ObjectHideFlags: 0
  m_CorrespondingSourceObject: {fileID: 0}
  m_PrefabInstance: {fileID: 0}
  m_PrefabAsset: {fileID: 0}
  serializedVersion: 6
  m_Component:
  - component: {fileID: 4635296713122723}
  m_Layer: 0
  m_Name: ring_03_r
  m_TagString: Untagged
  m_Icon: {fileID: 0}
  m_NavMeshLayer: 0
  m_StaticEditorFlags: 0
  m_IsActive: 1
--- !u!1 &1962487018704417
GameObject:
  m_ObjectHideFlags: 0
  m_CorrespondingSourceObject: {fileID: 0}
  m_PrefabInstance: {fileID: 0}
  m_PrefabAsset: {fileID: 0}
  serializedVersion: 6
  m_Component:
  - component: {fileID: 4390678513079163}
  m_Layer: 0
  m_Name: upperarm_l
  m_TagString: Untagged
  m_Icon: {fileID: 0}
  m_NavMeshLayer: 0
  m_StaticEditorFlags: 0
  m_IsActive: 1
--- !u!1 &1972996559593731
GameObject:
  m_ObjectHideFlags: 0
  m_CorrespondingSourceObject: {fileID: 0}
  m_PrefabInstance: {fileID: 0}
  m_PrefabAsset: {fileID: 0}
  serializedVersion: 6
  m_Component:
  - component: {fileID: 4349306757550985}
  m_Layer: 0
  m_Name: middle_01_r
  m_TagString: Untagged
  m_Icon: {fileID: 0}
  m_NavMeshLayer: 0
  m_StaticEditorFlags: 0
  m_IsActive: 1
--- !u!4 &4012303794020525
Transform:
  m_ObjectHideFlags: 0
  m_CorrespondingSourceObject: {fileID: 0}
  m_PrefabInstance: {fileID: 0}
  m_PrefabAsset: {fileID: 0}
  m_GameObject: {fileID: 1280777376095055}
  m_LocalRotation: {x: 0.023968818, y: -0.023600308, z: -0.025017621, w: 0.99912095}
  m_LocalPosition: {x: 0.064993754, y: -0.00000023580661, z: 0.000000910039}
  m_LocalScale: {x: 1, y: 1, z: 1}
  m_Children: []
  m_Father: {fileID: 4404179575769707}
  m_RootOrder: 0
  m_LocalEulerAnglesHint: {x: 0, y: 0, z: 0}
--- !u!4 &4082685860287685
Transform:
  m_ObjectHideFlags: 0
  m_CorrespondingSourceObject: {fileID: 0}
  m_PrefabInstance: {fileID: 0}
  m_PrefabAsset: {fileID: 0}
  m_GameObject: {fileID: 1010489826310305}
  m_LocalRotation: {x: 0.9971358, y: -0.06829407, z: -0.03242272, w: -0.0022206397}
  m_LocalPosition: {x: 0.17600757, y: -0.023321006, z: -0.14719468}
  m_LocalScale: {x: 1, y: 1, z: 1}
  m_Children: []
  m_Father: {fileID: 4791231896018811}
  m_RootOrder: 0
  m_LocalEulerAnglesHint: {x: 0, y: 0, z: 0}
--- !u!4 &4083766973444635
Transform:
  m_ObjectHideFlags: 0
  m_CorrespondingSourceObject: {fileID: 0}
  m_PrefabInstance: {fileID: 0}
  m_PrefabAsset: {fileID: 0}
  m_GameObject: {fileID: 1421276849882453}
  m_LocalRotation: {x: 0.00222064, y: 0.032422718, z: -0.06829408, w: 0.99713576}
  m_LocalPosition: {x: -0.17600696, y: 0.023320874, z: 0.14720303}
  m_LocalScale: {x: 1, y: 1, z: 1}
  m_Children: []
  m_Father: {fileID: 4635522136448513}
  m_RootOrder: 0
  m_LocalEulerAnglesHint: {x: 0, y: 0, z: 0}
--- !u!4 &4090093978166665
Transform:
  m_ObjectHideFlags: 0
  m_CorrespondingSourceObject: {fileID: 0}
  m_PrefabInstance: {fileID: 0}
  m_PrefabAsset: {fileID: 0}
  m_GameObject: {fileID: 1787526756992607}
  m_LocalRotation: {x: 0.70580983, y: -0.0022091626, z: 0.0003184816, w: 0.70839787}
  m_LocalPosition: {x: -0.14057845, y: -0.04058702, z: 0.0068397}
  m_LocalScale: {x: 1, y: 1, z: 1}
  m_Children: []
  m_Father: {fileID: 4227887490166205}
  m_RootOrder: 5
  m_LocalEulerAnglesHint: {x: 0, y: 0, z: 0}
--- !u!4 &4095895364305469
Transform:
  m_ObjectHideFlags: 0
  m_CorrespondingSourceObject: {fileID: 0}
  m_PrefabInstance: {fileID: 0}
  m_PrefabAsset: {fileID: 0}
  m_GameObject: {fileID: 1419026378443313}
  m_LocalRotation: {x: 0.6367856, y: -0.3054473, z: 0.09856634, w: 0.701064}
  m_LocalPosition: {x: -0.059102654, y: 0.026275903, z: -0.08270726}
  m_LocalScale: {x: 1, y: 1, z: 1}
  m_Children:
  - {fileID: 4101572834835905}
  m_Father: {fileID: 4227887490166205}
  m_RootOrder: 4
  m_LocalEulerAnglesHint: {x: 0, y: 0, z: 0}
--- !u!4 &4101572834835905
Transform:
  m_ObjectHideFlags: 0
  m_CorrespondingSourceObject: {fileID: 0}
  m_PrefabInstance: {fileID: 0}
  m_PrefabAsset: {fileID: 0}
  m_GameObject: {fileID: 1643058705111297}
  m_LocalRotation: {x: -0.028036213, y: -0.05565712, z: -0.11530924, w: 0.9913728}
  m_LocalPosition: {x: -0.07970302, y: -3.5527136e-17, z: 4.2632563e-16}
  m_LocalScale: {x: 1, y: 1, z: 1}
  m_Children:
  - {fileID: 4112031145031521}
  m_Father: {fileID: 4095895364305469}
  m_RootOrder: 0
  m_LocalEulerAnglesHint: {x: 0, y: 0, z: 0}
--- !u!4 &4102358439725013
Transform:
  m_ObjectHideFlags: 0
  m_CorrespondingSourceObject: {fileID: 0}
  m_PrefabInstance: {fileID: 0}
  m_PrefabAsset: {fileID: 0}
  m_GameObject: {fileID: 1476427774488701}
  m_LocalRotation: {x: -0.7071068, y: 0, z: -0, w: 0.7071068}
  m_LocalPosition: {x: -0, y: 0, z: -0.05060407}
  m_LocalScale: {x: 1, y: 1, z: 1}
  m_Children:
  - {fileID: 4812191689144651}
  - {fileID: 4510867166305623}
  - {fileID: 4157240639534709}
  m_Father: {fileID: 4158095746300669}
  m_RootOrder: 1
  m_LocalEulerAnglesHint: {x: 0, y: 0, z: 0}
--- !u!4 &4112031145031521
Transform:
  m_ObjectHideFlags: 0
  m_CorrespondingSourceObject: {fileID: 0}
  m_PrefabInstance: {fileID: 0}
  m_PrefabAsset: {fileID: 0}
  m_GameObject: {fileID: 1092925423479051}
  m_LocalRotation: {x: 0.023968818, y: -0.023600308, z: -0.025017621, w: 0.99912095}
  m_LocalPosition: {x: -0.064994484, y: -3.5527136e-17, z: 1.4210854e-16}
  m_LocalScale: {x: 1, y: 1, z: 1}
  m_Children: []
  m_Father: {fileID: 4101572834835905}
  m_RootOrder: 0
  m_LocalEulerAnglesHint: {x: 0, y: 0, z: 0}
--- !u!4 &4142661687234225
Transform:
  m_ObjectHideFlags: 0
  m_CorrespondingSourceObject: {fileID: 0}
  m_PrefabInstance: {fileID: 0}
  m_PrefabAsset: {fileID: 0}
  m_GameObject: {fileID: 1047837640462231}
  m_LocalRotation: {x: 0.0012414171, y: -0.003930288, z: -0.062582195, w: 0.9980313}
  m_LocalPosition: {x: 0.08107022, y: 0.006437425, z: 0.0019825385}
  m_LocalScale: {x: 1, y: 1, z: 1}
  m_Children:
  - {fileID: 4945507497132871}
  m_Father: {fileID: 4476970244095177}
  m_RootOrder: 0
  m_LocalEulerAnglesHint: {x: 0, y: 0, z: 0}
--- !u!4 &4156674829117089
Transform:
  m_ObjectHideFlags: 0
  m_CorrespondingSourceObject: {fileID: 0}
  m_PrefabInstance: {fileID: 0}
  m_PrefabAsset: {fileID: 0}
  m_GameObject: {fileID: 1229100120321913}
  m_LocalRotation: {x: -5.1098166e-17, y: -1.6211398e-16, z: -0.05785565, w: 0.998325}
  m_LocalPosition: {x: -0.12213885, y: 0.0015710504, z: 1.5622067e-17}
  m_LocalScale: {x: 1, y: 1, z: 1}
  m_Children:
  - {fileID: 4950161034603197}
  m_Father: {fileID: 4812191689144651}
  m_RootOrder: 0
  m_LocalEulerAnglesHint: {x: 0, y: 0, z: 0}
--- !u!4 &4157240639534709
Transform:
  m_ObjectHideFlags: 0
  m_CorrespondingSourceObject: {fileID: 0}
  m_PrefabInstance: {fileID: 0}
  m_PrefabAsset: {fileID: 0}
  m_GameObject: {fileID: 1238084307598577}
  m_LocalRotation: {x: 0, y: -0, z: -0, w: 1}
  m_LocalPosition: {x: 0.95630497, y: -0.023688473, z: 0.99997395}
  m_LocalScale: {x: 1, y: 1, z: 1}
  m_Children: []
  m_Father: {fileID: 4102358439725013}
  m_RootOrder: 2
  m_LocalEulerAnglesHint: {x: 0, y: 0, z: 0}
--- !u!4 &4158095746300669
Transform:
  m_ObjectHideFlags: 0
  m_CorrespondingSourceObject: {fileID: 0}
  m_PrefabInstance: {fileID: 0}
  m_PrefabAsset: {fileID: 0}
  m_GameObject: {fileID: 1835884707109071}
  m_LocalRotation: {x: -0, y: 0.96781725, z: -0, w: 0.25165424}
  m_LocalPosition: {x: -0.72, y: 4.89, z: -0.4}
  m_LocalScale: {x: 2, y: 2, z: 2}
  m_Children:
  - {fileID: 4413292423858133}
  - {fileID: 4102358439725013}
  m_Father: {fileID: 0}
  m_RootOrder: 4
  m_LocalEulerAnglesHint: {x: 0, y: 150.84901, z: 0}
--- !u!4 &4158346228882761
Transform:
  m_ObjectHideFlags: 0
  m_CorrespondingSourceObject: {fileID: 0}
  m_PrefabInstance: {fileID: 0}
  m_PrefabAsset: {fileID: 0}
  m_GameObject: {fileID: 1664819237716067}
  m_LocalRotation: {x: 0, y: -0.00971795, z: -0, w: 0.9999528}
  m_LocalPosition: {x: -0.07046852, y: -0.011599205, z: -0.0031857304}
  m_LocalScale: {x: 1, y: 1, z: 1}
  m_Children: []
  m_Father: {fileID: 4701342568193207}
  m_RootOrder: 0
  m_LocalEulerAnglesHint: {x: 0, y: 0, z: 0}
--- !u!4 &4180313246347251
Transform:
  m_ObjectHideFlags: 0
  m_CorrespondingSourceObject: {fileID: 0}
  m_PrefabInstance: {fileID: 0}
  m_PrefabAsset: {fileID: 0}
  m_GameObject: {fileID: 1774394646777019}
  m_LocalRotation: {x: 0.01603073, y: 0.012626703, z: -0.06238623, w: 0.9978435}
  m_LocalPosition: {x: 0.083920054, y: 0.006063441, z: -0.000102563245}
  m_LocalScale: {x: 1, y: 1, z: 1}
  m_Children:
  - {fileID: 4635296713122723}
  m_Father: {fileID: 4499522958007701}
  m_RootOrder: 0
  m_LocalEulerAnglesHint: {x: 0, y: 0, z: 0}
--- !u!4 &4182946959851797
Transform:
  m_ObjectHideFlags: 0
  m_CorrespondingSourceObject: {fileID: 0}
  m_PrefabInstance: {fileID: 0}
  m_PrefabAsset: {fileID: 0}
  m_GameObject: {fileID: 1083468615204423}
  m_LocalRotation: {x: -2.1251933e-17, y: -2.2102525e-16, z: -0.095710196, w: 0.99540925}
  m_LocalPosition: {x: -0.19737928, y: 0.0017454086, z: 4.8954272e-17}
  m_LocalScale: {x: 1, y: 1, z: 1}
  m_Children:
  - {fileID: 4586935382762119}
  m_Father: {fileID: 4208472718783289}
  m_RootOrder: 0
  m_LocalEulerAnglesHint: {x: 0, y: 0, z: 0}
--- !u!4 &4197838621431541
Transform:
  m_ObjectHideFlags: 0
  m_CorrespondingSourceObject: {fileID: 0}
  m_PrefabInstance: {fileID: 0}
  m_PrefabAsset: {fileID: 0}
  m_GameObject: {fileID: 1046538472974809}
  m_LocalRotation: {x: 0.06494219, y: -0.70411825, z: 0.06494219, w: 0.70411825}
  m_LocalPosition: {x: 0.05879154, y: 0.29811797, z: 2.6863994e-16}
  m_LocalScale: {x: 1, y: 1, z: 1}
  m_Children:
  - {fileID: 4942340131220523}
  - {fileID: 4728461469293741}
  - {fileID: 4787246653294875}
  - {fileID: 4504938614352019}
  m_Father: {fileID: 4702936335114055}
  m_RootOrder: 0
  m_LocalEulerAnglesHint: {x: 0, y: 0, z: 0}
--- !u!4 &4202415868827883
Transform:
  m_ObjectHideFlags: 0
  m_CorrespondingSourceObject: {fileID: 0}
  m_PrefabInstance: {fileID: 0}
  m_PrefabAsset: {fileID: 0}
  m_GameObject: {fileID: 1169892916656959}
  m_LocalRotation: {x: 0.018510409, y: 0.012781699, z: -0.06235466, w: 0.9978006}
  m_LocalPosition: {x: 0.08108632, y: 0.009184342, z: -0.000342857}
  m_LocalScale: {x: 1, y: 1, z: 1}
  m_Children:
  - {fileID: 4398422799649227}
  m_Father: {fileID: 4399296312646781}
  m_RootOrder: 0
  m_LocalEulerAnglesHint: {x: 0, y: 0, z: 0}
--- !u!4 &4208472718783289
Transform:
  m_ObjectHideFlags: 0
  m_CorrespondingSourceObject: {fileID: 0}
  m_PrefabInstance: {fileID: 0}
  m_PrefabAsset: {fileID: 0}
  m_GameObject: {fileID: 1736801371510247}
  m_LocalRotation: {x: -3.8280632e-17, y: 5.2760554e-17, z: 0.18672618, w: 0.982412}
  m_LocalPosition: {x: -0.20089038, y: -0.021196334, z: 6.607116e-17}
  m_LocalScale: {x: 1, y: 1, z: 1}
  m_Children:
  - {fileID: 4182946959851797}
  m_Father: {fileID: 4702936335114055}
  m_RootOrder: 3
  m_LocalEulerAnglesHint: {x: 0, y: 0, z: 0}
--- !u!4 &4227887490166205
Transform:
  m_ObjectHideFlags: 0
  m_CorrespondingSourceObject: {fileID: 0}
  m_PrefabInstance: {fileID: 0}
  m_PrefabAsset: {fileID: 0}
  m_GameObject: {fileID: 1315412126329043}
  m_LocalRotation: {x: -0.7058083, y: 0.0026590803, z: -0.0007700496, w: 0.7083975}
  m_LocalPosition: {x: -0.23148166, y: -0.0058780536, z: -1.4210854e-16}
  m_LocalScale: {x: 1, y: 1, z: 1}
  m_Children:
  - {fileID: 4294705963245885}
  - {fileID: 4656051560124511}
  - {fileID: 4643339252708649}
  - {fileID: 4329582378367963}
  - {fileID: 4095895364305469}
  - {fileID: 4090093978166665}
  m_Father: {fileID: 4562540751679345}
  m_RootOrder: 0
  m_LocalEulerAnglesHint: {x: 0, y: 0, z: 0}
--- !u!4 &4241659934942925
Transform:
  m_ObjectHideFlags: 0
  m_CorrespondingSourceObject: {fileID: 0}
  m_PrefabInstance: {fileID: 0}
  m_PrefabAsset: {fileID: 0}
  m_GameObject: {fileID: 1245328167476211}
  m_LocalRotation: {x: -0.009955104, y: -0.002821651, z: 0.010788465, w: 0.9998883}
  m_LocalPosition: {x: -0.26151615, y: 0.00004652248, z: 0.003229354}
  m_LocalScale: {x: 1, y: 1, z: 1}
  m_Children:
  - {fileID: 4612967789314407}
  m_Father: {fileID: 4844578694363695}
  m_RootOrder: 0
  m_LocalEulerAnglesHint: {x: 0, y: 0, z: 0}
--- !u!4 &4257159710804471
Transform:
  m_ObjectHideFlags: 0
  m_CorrespondingSourceObject: {fileID: 0}
  m_PrefabInstance: {fileID: 0}
  m_PrefabAsset: {fileID: 0}
  m_GameObject: {fileID: 1359561001937201}
  m_LocalRotation: {x: 0.0030611525, y: -0.008212709, z: 0.7100026, w: 0.70414454}
  m_LocalPosition: {x: -0.009710754, y: 0.20057446, z: 0.015014973}
  m_LocalScale: {x: 1, y: 1, z: 1}
  m_Children: []
  m_Father: {fileID: 4612967789314407}
  m_RootOrder: 0
  m_LocalEulerAnglesHint: {x: 0, y: 0, z: 0}
--- !u!4 &4294705963245885
Transform:
  m_ObjectHideFlags: 0
  m_CorrespondingSourceObject: {fileID: 0}
  m_PrefabInstance: {fileID: 0}
  m_PrefabAsset: {fileID: 0}
  m_GameObject: {fileID: 1932600731702181}
  m_LocalRotation: {x: 0.0792414, y: -0.010567095, z: -0.065351464, w: 0.9946549}
  m_LocalPosition: {x: -0.12851799, y: -0.01438421, z: -0.058676623}
  m_LocalScale: {x: 1, y: 1, z: 1}
  m_Children:
  - {fileID: 4346296182524903}
  m_Father: {fileID: 4227887490166205}
  m_RootOrder: 0
  m_LocalEulerAnglesHint: {x: 0, y: 0, z: 0}
--- !u!4 &4299099776854359
Transform:
  m_ObjectHideFlags: 0
  m_CorrespondingSourceObject: {fileID: 0}
  m_PrefabInstance: {fileID: 0}
  m_PrefabAsset: {fileID: 0}
  m_GameObject: {fileID: 1907807597080617}
  m_LocalRotation: {x: 0.0030611525, y: -0.008212709, z: 0.7100026, w: 0.70414454}
  m_LocalPosition: {x: 0.00971081, y: -0.20057398, z: -0.015015676}
  m_LocalScale: {x: 1, y: 1, z: 1}
  m_Children: []
  m_Father: {fileID: 4719799211365295}
  m_RootOrder: 0
  m_LocalEulerAnglesHint: {x: 0, y: 0, z: 0}
--- !u!4 &4313979904292111
Transform:
  m_ObjectHideFlags: 0
  m_CorrespondingSourceObject: {fileID: 0}
  m_PrefabInstance: {fileID: 0}
  m_PrefabAsset: {fileID: 0}
  m_GameObject: {fileID: 1462974022283531}
  m_LocalRotation: {x: 0, y: -0.0062976107, z: -0, w: 0.9999802}
  m_LocalPosition: {x: 0.0786602, y: 0.01450111, z: 0.0008666971}
  m_LocalScale: {x: 1, y: 1, z: 1}
  m_Children: []
  m_Father: {fileID: 4666856050671753}
  m_RootOrder: 0
  m_LocalEulerAnglesHint: {x: 0, y: 0, z: 0}
--- !u!4 &4329582378367963
Transform:
  m_ObjectHideFlags: 0
  m_CorrespondingSourceObject: {fileID: 0}
  m_PrefabInstance: {fileID: 0}
  m_PrefabAsset: {fileID: 0}
  m_GameObject: {fileID: 1166532710159285}
  m_LocalRotation: {x: -0.0024619617, y: 0.00402122, z: -0.08587072, w: 0.99629515}
  m_LocalPosition: {x: -0.12710693, y: -0.029330483, z: 0.03857797}
  m_LocalScale: {x: 1, y: 1, z: 1}
  m_Children:
  - {fileID: 4701342568193207}
  m_Father: {fileID: 4227887490166205}
  m_RootOrder: 3
  m_LocalEulerAnglesHint: {x: 0, y: 0, z: 0}
--- !u!4 &4334159499792191
Transform:
  m_ObjectHideFlags: 0
  m_CorrespondingSourceObject: {fileID: 0}
  m_PrefabInstance: {fileID: 0}
  m_PrefabAsset: {fileID: 0}
  m_GameObject: {fileID: 1450982047591451}
  m_LocalRotation: {x: 0.000000012904599, y: -6.909384e-11, z: -0.005354126, w: 0.9999857}
  m_LocalPosition: {x: 0.35835308, y: -0.020167615, z: 1.563194e-15}
  m_LocalScale: {x: 1, y: 1, z: 1}
  m_Children:
  - {fileID: 4946329893230491}
  m_Father: {fileID: 4436153815762391}
  m_RootOrder: 0
  m_LocalEulerAnglesHint: {x: 0, y: 0, z: 0}
--- !u!4 &4346296182524903
Transform:
  m_ObjectHideFlags: 0
  m_CorrespondingSourceObject: {fileID: 0}
  m_PrefabInstance: {fileID: 0}
  m_PrefabAsset: {fileID: 0}
  m_GameObject: {fileID: 1433748257029511}
  m_LocalRotation: {x: 0.0012414171, y: -0.003930288, z: -0.062582195, w: 0.9980313}
  m_LocalPosition: {x: -0.08106954, y: -0.0064408253, z: -0.0019819795}
  m_LocalScale: {x: 1, y: 1, z: 1}
  m_Children:
  - {fileID: 4537929129065959}
  m_Father: {fileID: 4294705963245885}
  m_RootOrder: 0
  m_LocalEulerAnglesHint: {x: 0, y: 0, z: 0}
--- !u!4 &4349306757550985
Transform:
  m_ObjectHideFlags: 0
  m_CorrespondingSourceObject: {fileID: 0}
  m_PrefabInstance: {fileID: 0}
  m_PrefabAsset: {fileID: 0}
  m_GameObject: {fileID: 1972996559593731}
  m_LocalRotation: {x: 0.025988234, y: 0.02005915, z: -0.084797114, w: 0.9958573}
  m_LocalPosition: {x: 0.12867674, y: 0.027608233, z: 0.00898686}
  m_LocalScale: {x: 1, y: 1, z: 1}
  m_Children:
  - {fileID: 4666856050671753}
  m_Father: {fileID: 4946329893230491}
  m_RootOrder: 1
  m_LocalEulerAnglesHint: {x: 0, y: 0, z: 0}
--- !u!4 &4380564597070189
Transform:
  m_ObjectHideFlags: 0
  m_CorrespondingSourceObject: {fileID: 0}
  m_PrefabInstance: {fileID: 0}
  m_PrefabAsset: {fileID: 0}
  m_GameObject: {fileID: 1208669312292147}
  m_LocalRotation: {x: 0, y: -0.00971795, z: -0, w: 0.9999528}
  m_LocalPosition: {x: -0.061373543, y: -0.008336294, z: -0.0023520172}
  m_LocalScale: {x: 1, y: 1, z: 1}
  m_Children: []
  m_Father: {fileID: 4738268740198033}
  m_RootOrder: 0
  m_LocalEulerAnglesHint: {x: 0, y: 0, z: 0}
--- !u!4 &4390678513079163
Transform:
  m_ObjectHideFlags: 0
  m_CorrespondingSourceObject: {fileID: 0}
  m_PrefabInstance: {fileID: 0}
  m_PrefabAsset: {fileID: 0}
  m_GameObject: {fileID: 1962487018704417}
  m_LocalRotation: {x: 0.0024148629, y: 0.032408834, z: -0.062318433, w: 0.99752706}
  m_LocalPosition: {x: -0.1048779, y: -4.4408918e-17, z: 1.4210854e-16}
  m_LocalScale: {x: 1, y: 1, z: 1}
  m_Children:
  - {fileID: 4562540751679345}
  m_Father: {fileID: 4635522136448513}
  m_RootOrder: 1
  m_LocalEulerAnglesHint: {x: 0, y: 0, z: 0}
--- !u!4 &4398422799649227
Transform:
  m_ObjectHideFlags: 0
  m_CorrespondingSourceObject: {fileID: 0}
  m_PrefabInstance: {fileID: 0}
  m_PrefabAsset: {fileID: 0}
  m_GameObject: {fileID: 1763371870689503}
  m_LocalRotation: {x: 0.000000010536215, y: -0.00971795, z: 1.0239524e-10, w: 0.9999528}
  m_LocalPosition: {x: 0.0613775, y: 0.00833596, z: 0.0023520985}
  m_LocalScale: {x: 1, y: 1, z: 1}
  m_Children: []
  m_Father: {fileID: 4202415868827883}
  m_RootOrder: 0
  m_LocalEulerAnglesHint: {x: 0, y: 0, z: 0}
--- !u!4 &4399296312646781
Transform:
  m_ObjectHideFlags: 0
  m_CorrespondingSourceObject: {fileID: 0}
  m_PrefabInstance: {fileID: 0}
  m_PrefabAsset: {fileID: 0}
  m_GameObject: {fileID: 1375284331267847}
  m_LocalRotation: {x: -0.053915225, y: 0.011268114, z: -0.0863895, w: 0.9947377}
  m_LocalPosition: {x: 0.12713939, y: 0.020840934, z: -0.07892956}
  m_LocalScale: {x: 1, y: 1, z: 1}
  m_Children:
  - {fileID: 4202415868827883}
  m_Father: {fileID: 4946329893230491}
  m_RootOrder: 2
  m_LocalEulerAnglesHint: {x: 0, y: 0, z: 0}
--- !u!4 &4404179575769707
Transform:
  m_ObjectHideFlags: 0
  m_CorrespondingSourceObject: {fileID: 0}
  m_PrefabInstance: {fileID: 0}
  m_PrefabAsset: {fileID: 0}
  m_GameObject: {fileID: 1274040586040861}
  m_LocalRotation: {x: -0.028036213, y: -0.05565712, z: -0.11530924, w: 0.9913728}
  m_LocalPosition: {x: 0.07970437, y: -0.0000002787339, z: 0.0000032313005}
  m_LocalScale: {x: 1, y: 1, z: 1}
  m_Children:
  - {fileID: 4012303794020525}
  m_Father: {fileID: 4733781887396999}
  m_RootOrder: 0
  m_LocalEulerAnglesHint: {x: 0, y: 0, z: 0}
--- !u!4 &4413292423858133
Transform:
  m_ObjectHideFlags: 0
  m_CorrespondingSourceObject: {fileID: 0}
  m_PrefabInstance: {fileID: 0}
  m_PrefabAsset: {fileID: 0}
  m_GameObject: {fileID: 1417233914149715}
  m_LocalRotation: {x: -0.7071068, y: 0, z: -0, w: 0.7071068}
  m_LocalPosition: {x: -0, y: 0, z: 0}
  m_LocalScale: {x: 1, y: 1, z: 1}
  m_Children: []
  m_Father: {fileID: 4158095746300669}
  m_RootOrder: 0
  m_LocalEulerAnglesHint: {x: 0, y: 0, z: 0}
--- !u!4 &4436153815762391
Transform:
  m_ObjectHideFlags: 0
  m_CorrespondingSourceObject: {fileID: 0}
  m_PrefabInstance: {fileID: 0}
  m_PrefabAsset: {fileID: 0}
  m_GameObject: {fileID: 1631278486140787}
  m_LocalRotation: {x: 0.0024148703, y: 0.03240883, z: -0.062318433, w: 0.99752706}
  m_LocalPosition: {x: 0.10487765, y: 0.000000035551047, z: 0.00000045389456}
  m_LocalScale: {x: 1, y: 1, z: 1}
  m_Children:
  - {fileID: 4334159499792191}
  m_Father: {fileID: 4791231896018811}
  m_RootOrder: 1
  m_LocalEulerAnglesHint: {x: 0, y: 0, z: 0}
--- !u!4 &4476970244095177
Transform:
  m_ObjectHideFlags: 0
  m_CorrespondingSourceObject: {fileID: 0}
  m_PrefabInstance: {fileID: 0}
  m_PrefabAsset: {fileID: 0}
  m_GameObject: {fileID: 1100432815205505}
  m_LocalRotation: {x: 0.0792414, y: -0.010567095, z: -0.065351464, w: 0.9946549}
  m_LocalPosition: {x: 0.1285176, y: 0.014380149, z: 0.058676638}
  m_LocalScale: {x: 1, y: 1, z: 1}
  m_Children:
  - {fileID: 4142661687234225}
  m_Father: {fileID: 4946329893230491}
  m_RootOrder: 0
  m_LocalEulerAnglesHint: {x: 0, y: 0, z: 0}
--- !u!4 &4483193431677997
Transform:
  m_ObjectHideFlags: 0
  m_CorrespondingSourceObject: {fileID: 0}
  m_PrefabInstance: {fileID: 0}
  m_PrefabAsset: {fileID: 0}
  m_GameObject: {fileID: 1486531191881415}
  m_LocalRotation: {x: -0.009955104, y: -0.002821651, z: 0.010788465, w: 0.9998883}
  m_LocalPosition: {x: 0.2615162, y: -0.00004654807, z: -0.003230172}
  m_LocalScale: {x: 1, y: 1, z: 1}
  m_Children:
  - {fileID: 4719799211365295}
  m_Father: {fileID: 4778011859864695}
  m_RootOrder: 0
  m_LocalEulerAnglesHint: {x: 0, y: 0, z: 0}
--- !u!4 &4499522958007701
Transform:
  m_ObjectHideFlags: 0
  m_CorrespondingSourceObject: {fileID: 0}
  m_PrefabInstance: {fileID: 0}
  m_PrefabAsset: {fileID: 0}
  m_GameObject: {fileID: 1014225658571591}
  m_LocalRotation: {x: -0.0024619617, y: 0.00402122, z: -0.08587072, w: 0.99629515}
  m_LocalPosition: {x: 0.12710658, y: 0.029328601, z: -0.03857795}
  m_LocalScale: {x: 1, y: 1, z: 1}
  m_Children:
  - {fileID: 4180313246347251}
  m_Father: {fileID: 4946329893230491}
  m_RootOrder: 3
  m_LocalEulerAnglesHint: {x: 0, y: 0, z: 0}
--- !u!4 &4504938614352019
Transform:
  m_ObjectHideFlags: 0
  m_CorrespondingSourceObject: {fileID: 0}
  m_PrefabInstance: {fileID: 0}
  m_PrefabAsset: {fileID: 0}
  m_GameObject: {fileID: 1539724317586571}
  m_LocalRotation: {x: 0, y: -0, z: -0, w: 1}
  m_LocalPosition: {x: -9.711231e-17, y: -0.026338715, z: 0.3967954}
  m_LocalScale: {x: 1, y: 1, z: 1}
  m_Children: []
  m_Father: {fileID: 4197838621431541}
  m_RootOrder: 3
  m_LocalEulerAnglesHint: {x: 0, y: 0, z: 0}
--- !u!4 &4510867166305623
Transform:
  m_ObjectHideFlags: 0
  m_CorrespondingSourceObject: {fileID: 0}
  m_PrefabInstance: {fileID: 0}
  m_PrefabAsset: {fileID: 0}
  m_GameObject: {fileID: 1434346211056283}
  m_LocalRotation: {x: 0, y: -0, z: -0, w: 1}
  m_LocalPosition: {x: -0.95630467, y: -0.023688449, z: 0.99997425}
  m_LocalScale: {x: 1, y: 1, z: 1}
  m_Children: []
  m_Father: {fileID: 4102358439725013}
  m_RootOrder: 1
  m_LocalEulerAnglesHint: {x: 0, y: 0, z: 0}
--- !u!4 &4537929129065959
Transform:
  m_ObjectHideFlags: 0
  m_CorrespondingSourceObject: {fileID: 0}
  m_PrefabInstance: {fileID: 0}
  m_PrefabAsset: {fileID: 0}
  m_GameObject: {fileID: 1322305117193889}
  m_LocalRotation: {x: 0.019108133, y: -0.021374207, z: 0.0004085892, w: 0.99958885}
  m_LocalPosition: {x: -0.06657951, y: -0.010166785, z: -0.0034639393}
  m_LocalScale: {x: 1, y: 1, z: 1}
  m_Children: []
  m_Father: {fileID: 4346296182524903}
  m_RootOrder: 0
  m_LocalEulerAnglesHint: {x: 0, y: 0, z: 0}
--- !u!4 &4562540751679345
Transform:
  m_ObjectHideFlags: 0
  m_CorrespondingSourceObject: {fileID: 0}
  m_PrefabInstance: {fileID: 0}
  m_PrefabAsset: {fileID: 0}
  m_GameObject: {fileID: 1000827184804031}
  m_LocalRotation: {x: -5.905942e-31, y: -5.407758e-29, z: -0.005354126, w: 0.9999857}
  m_LocalPosition: {x: -0.35835242, y: 0.020167653, z: 2.842171e-16}
  m_LocalScale: {x: 1, y: 1, z: 1}
  m_Children:
  - {fileID: 4227887490166205}
  m_Father: {fileID: 4390678513079163}
  m_RootOrder: 0
  m_LocalEulerAnglesHint: {x: 0, y: 0, z: 0}
--- !u!4 &4586935382762119
Transform:
  m_ObjectHideFlags: 0
  m_CorrespondingSourceObject: {fileID: 0}
  m_PrefabInstance: {fileID: 0}
  m_PrefabAsset: {fileID: 0}
  m_GameObject: {fileID: 1581741911384411}
  m_LocalRotation: {x: 0, y: -0, z: -0, w: 1}
  m_LocalPosition: {x: -0.10426342, y: 0.019702436, z: 9.781686e-17}
  m_LocalScale: {x: 1, y: 1, z: 1}
  m_Children: []
  m_Father: {fileID: 4182946959851797}
  m_RootOrder: 0
  m_LocalEulerAnglesHint: {x: 0, y: 0, z: 0}
--- !u!4 &4612967789314407
Transform:
  m_ObjectHideFlags: 0
  m_CorrespondingSourceObject: {fileID: 0}
  m_PrefabInstance: {fileID: 0}
  m_PrefabAsset: {fileID: 0}
  m_GameObject: {fileID: 1418476921207911}
  m_LocalRotation: {x: -0.048058007, y: -0.03486779, z: -0.0037823087, w: 0.9982286}
  m_LocalPosition: {x: -0.24842583, y: -0.022103617, z: 0.006960128}
  m_LocalScale: {x: 1, y: 1, z: 1}
  m_Children:
  - {fileID: 4257159710804471}
  m_Father: {fileID: 4241659934942925}
  m_RootOrder: 0
  m_LocalEulerAnglesHint: {x: 0, y: 0, z: 0}
--- !u!4 &4629212945209323
Transform:
  m_ObjectHideFlags: 0
  m_CorrespondingSourceObject: {fileID: 0}
  m_PrefabInstance: {fileID: 0}
  m_PrefabAsset: {fileID: 0}
  m_GameObject: {fileID: 1561014478355879}
  m_LocalRotation: {x: 0, y: -0.0062976107, z: -0, w: 0.9999802}
  m_LocalPosition: {x: -0.07866352, y: -0.014501577, z: -0.00086684374}
  m_LocalScale: {x: 1, y: 1, z: 1}
  m_Children: []
  m_Father: {fileID: 4728926614254465}
  m_RootOrder: 0
  m_LocalEulerAnglesHint: {x: 0, y: 0, z: 0}
--- !u!4 &4635296713122723
Transform:
  m_ObjectHideFlags: 0
  m_CorrespondingSourceObject: {fileID: 0}
  m_PrefabInstance: {fileID: 0}
  m_PrefabAsset: {fileID: 0}
  m_GameObject: {fileID: 1953244376773223}
  m_LocalRotation: {x: 0, y: -0.00971795, z: -0, w: 0.9999528}
  m_LocalPosition: {x: 0.07046881, y: 0.011596207, z: 0.0031857463}
  m_LocalScale: {x: 1, y: 1, z: 1}
  m_Children: []
  m_Father: {fileID: 4180313246347251}
  m_RootOrder: 0
  m_LocalEulerAnglesHint: {x: 0, y: 0, z: 0}
--- !u!4 &4635522136448513
Transform:
  m_ObjectHideFlags: 0
  m_CorrespondingSourceObject: {fileID: 0}
  m_PrefabInstance: {fileID: 0}
  m_PrefabAsset: {fileID: 0}
  m_GameObject: {fileID: 1007515633427423}
  m_LocalRotation: {x: 0.017211089, y: -0.7295103, z: 0.10917408, w: 0.6749811}
  m_LocalPosition: {x: -0.071298495, y: 0.0023772735, z: -0.094934195}
  m_LocalScale: {x: 1, y: 1, z: 1}
  m_Children:
  - {fileID: 4083766973444635}
  - {fileID: 4390678513079163}
  m_Father: {fileID: 4702936335114055}
  m_RootOrder: 1
  m_LocalEulerAnglesHint: {x: 0, y: 0, z: 0}
--- !u!4 &4643339252708649
Transform:
  m_ObjectHideFlags: 0
  m_CorrespondingSourceObject: {fileID: 0}
  m_PrefabInstance: {fileID: 0}
  m_PrefabAsset: {fileID: 0}
  m_GameObject: {fileID: 1263309235603327}
  m_LocalRotation: {x: -0.053915225, y: 0.011268114, z: -0.0863895, w: 0.9947377}
  m_LocalPosition: {x: -0.12714024, y: -0.020847507, z: 0.07892959}
  m_LocalScale: {x: 1, y: 1, z: 1}
  m_Children:
  - {fileID: 4738268740198033}
  m_Father: {fileID: 4227887490166205}
  m_RootOrder: 2
  m_LocalEulerAnglesHint: {x: 0, y: 0, z: 0}
--- !u!4 &4656051560124511
Transform:
  m_ObjectHideFlags: 0
  m_CorrespondingSourceObject: {fileID: 0}
  m_PrefabInstance: {fileID: 0}
  m_PrefabAsset: {fileID: 0}
  m_GameObject: {fileID: 1191732835785085}
  m_LocalRotation: {x: 0.025988234, y: 0.02005915, z: -0.084797114, w: 0.9958573}
  m_LocalPosition: {x: -0.1286768, y: -0.027611725, z: -0.008986833}
  m_LocalScale: {x: 1, y: 1, z: 1}
  m_Children:
  - {fileID: 4728926614254465}
  m_Father: {fileID: 4227887490166205}
  m_RootOrder: 1
  m_LocalEulerAnglesHint: {x: 0, y: 0, z: 0}
--- !u!4 &4666856050671753
Transform:
  m_ObjectHideFlags: 0
  m_CorrespondingSourceObject: {fileID: 0}
  m_PrefabInstance: {fileID: 0}
  m_PrefabAsset: {fileID: 0}
  m_GameObject: {fileID: 1482867465144879}
  m_LocalRotation: {x: 0.018031022, y: -0.0021547193, z: -0.06262624, w: 0.9978719}
  m_LocalPosition: {x: 0.08329754, y: 0.001964982, z: -0.00073727674}
  m_LocalScale: {x: 1, y: 1, z: 1}
  m_Children:
  - {fileID: 4313979904292111}
  m_Father: {fileID: 4349306757550985}
  m_RootOrder: 0
  m_LocalEulerAnglesHint: {x: 0, y: 0, z: 0}
--- !u!4 &4701342568193207
Transform:
  m_ObjectHideFlags: 0
  m_CorrespondingSourceObject: {fileID: 0}
  m_PrefabInstance: {fileID: 0}
  m_PrefabAsset: {fileID: 0}
  m_GameObject: {fileID: 1456795542389489}
  m_LocalRotation: {x: 0.01603073, y: 0.012626703, z: -0.06238623, w: 0.9978435}
  m_LocalPosition: {x: -0.08391934, y: -0.0060671065, z: 0.00010260604}
  m_LocalScale: {x: 1, y: 1, z: 1}
  m_Children:
  - {fileID: 4158346228882761}
  m_Father: {fileID: 4329582378367963}
  m_RootOrder: 0
  m_LocalEulerAnglesHint: {x: 0, y: 0, z: 0}
--- !u!4 &4702936335114055
Transform:
  m_ObjectHideFlags: 0
  m_CorrespondingSourceObject: {fileID: 0}
  m_PrefabInstance: {fileID: 0}
  m_PrefabAsset: {fileID: 0}
  m_GameObject: {fileID: 1567841357239617}
  m_LocalRotation: {x: 6.9384797e-17, y: 1.7169768e-16, z: -0.04006483, w: 0.99919707}
  m_LocalPosition: {x: -0.124961086, y: 0.003215244, z: 3.99823e-17}
  m_LocalScale: {x: 1, y: 1, z: 1}
  m_Children:
  - {fileID: 4197838621431541}
  - {fileID: 4635522136448513}
  - {fileID: 4791231896018811}
  - {fileID: 4208472718783289}
  m_Father: {fileID: 4950161034603197}
  m_RootOrder: 0
  m_LocalEulerAnglesHint: {x: 0, y: 0, z: 0}
--- !u!4 &4719799211365295
Transform:
  m_ObjectHideFlags: 0
  m_CorrespondingSourceObject: {fileID: 0}
  m_PrefabInstance: {fileID: 0}
  m_PrefabAsset: {fileID: 0}
  m_GameObject: {fileID: 1231358798090933}
  m_LocalRotation: {x: -0.048031498, y: -0.034866802, z: -0.0037838009, w: 0.9982299}
  m_LocalPosition: {x: 0.2484259, y: 0.022103611, z: -0.0069593876}
  m_LocalScale: {x: 1, y: 1, z: 1}
  m_Children:
  - {fileID: 4299099776854359}
  m_Father: {fileID: 4483193431677997}
  m_RootOrder: 0
  m_LocalEulerAnglesHint: {x: 0, y: 0, z: 0}
--- !u!4 &4728461469293741
Transform:
  m_ObjectHideFlags: 0
  m_CorrespondingSourceObject: {fileID: 0}
  m_PrefabInstance: {fileID: 0}
  m_PrefabAsset: {fileID: 0}
  m_GameObject: {fileID: 1949752972425073}
  m_LocalRotation: {x: 0, y: -0, z: -0, w: 1}
  m_LocalPosition: {x: -0.2877785, y: 0.009525661, z: 0.02205377}
  m_LocalScale: {x: 1, y: 1, z: 1}
  m_Children: []
  m_Father: {fileID: 4197838621431541}
  m_RootOrder: 1
  m_LocalEulerAnglesHint: {x: 0, y: 0, z: 0}
--- !u!4 &4728926614254465
Transform:
  m_ObjectHideFlags: 0
  m_CorrespondingSourceObject: {fileID: 0}
  m_PrefabInstance: {fileID: 0}
  m_PrefabAsset: {fileID: 0}
  m_GameObject: {fileID: 1212061388525343}
  m_LocalRotation: {x: 0.018031022, y: -0.0021547193, z: -0.06262624, w: 0.9978719}
  m_LocalPosition: {x: -0.08329835, y: -0.0019648103, z: 0.0007372274}
  m_LocalScale: {x: 1, y: 1, z: 1}
  m_Children:
  - {fileID: 4629212945209323}
  m_Father: {fileID: 4656051560124511}
  m_RootOrder: 0
  m_LocalEulerAnglesHint: {x: 0, y: 0, z: 0}
--- !u!4 &4733781887396999
Transform:
  m_ObjectHideFlags: 0
  m_CorrespondingSourceObject: {fileID: 0}
  m_PrefabInstance: {fileID: 0}
  m_PrefabAsset: {fileID: 0}
  m_GameObject: {fileID: 1545697698271511}
  m_LocalRotation: {x: 0.6367856, y: -0.3054473, z: 0.09856634, w: 0.701064}
  m_LocalPosition: {x: 0.059102453, y: -0.026276376, z: 0.08270726}
  m_LocalScale: {x: 1, y: 1, z: 1}
  m_Children:
  - {fileID: 4404179575769707}
  m_Father: {fileID: 4946329893230491}
  m_RootOrder: 4
  m_LocalEulerAnglesHint: {x: 0, y: 0, z: 0}
--- !u!4 &4738268740198033
Transform:
  m_ObjectHideFlags: 0
  m_CorrespondingSourceObject: {fileID: 0}
  m_PrefabInstance: {fileID: 0}
  m_PrefabAsset: {fileID: 0}
  m_GameObject: {fileID: 1051749411779229}
  m_LocalRotation: {x: 0.018510409, y: 0.012781699, z: -0.06235466, w: 0.9978006}
  m_LocalPosition: {x: -0.08108732, y: -0.009177471, z: 0.000343635}
  m_LocalScale: {x: 1, y: 1, z: 1}
  m_Children:
  - {fileID: 4380564597070189}
  m_Father: {fileID: 4643339252708649}
  m_RootOrder: 0
  m_LocalEulerAnglesHint: {x: 0, y: 0, z: 0}
--- !u!4 &4778011859864695
Transform:
  m_ObjectHideFlags: 0
  m_CorrespondingSourceObject: {fileID: 0}
  m_PrefabInstance: {fileID: 0}
  m_PrefabAsset: {fileID: 0}
  m_GameObject: {fileID: 1320730050176965}
  m_LocalRotation: {x: 0.058019154, y: 0.033847246, z: -0.13209622, w: 0.9889584}
  m_LocalPosition: {x: 0.03330361, y: 0.00012129387, z: -0.124018505}
  m_LocalScale: {x: 1, y: 1, z: 1}
  m_Children:
  - {fileID: 4483193431677997}
  m_Father: {fileID: 4812191689144651}
  m_RootOrder: 1
  m_LocalEulerAnglesHint: {x: 0, y: 0, z: 0}
--- !u!4 &4787246653294875
Transform:
  m_ObjectHideFlags: 0
  m_CorrespondingSourceObject: {fileID: 0}
  m_PrefabInstance: {fileID: 0}
  m_PrefabAsset: {fileID: 0}
  m_GameObject: {fileID: 1907505776360579}
  m_LocalRotation: {x: 0, y: -0, z: -0, w: 1}
  m_LocalPosition: {x: 0.287779, y: 0.009525931, z: 0.022054225}
  m_LocalScale: {x: 1, y: 1, z: 1}
  m_Children: []
  m_Father: {fileID: 4197838621431541}
  m_RootOrder: 2
  m_LocalEulerAnglesHint: {x: 0, y: 0, z: 0}
--- !u!4 &4791231896018811
Transform:
  m_ObjectHideFlags: 0
  m_CorrespondingSourceObject: {fileID: 0}
  m_PrefabInstance: {fileID: 0}
  m_PrefabAsset: {fileID: 0}
  m_GameObject: {fileID: 1602450690520759}
  m_LocalRotation: {x: 0.7295103, y: 0.017211089, z: 0.6749811, w: -0.10917408}
  m_LocalPosition: {x: -0.071302906, y: 0.0023764498, z: 0.094934195}
  m_LocalScale: {x: 1, y: 1, z: 1}
  m_Children:
  - {fileID: 4082685860287685}
  - {fileID: 4436153815762391}
  m_Father: {fileID: 4702936335114055}
  m_RootOrder: 2
  m_LocalEulerAnglesHint: {x: 0, y: 0, z: 0}
--- !u!4 &4812191689144651
Transform:
  m_ObjectHideFlags: 0
  m_CorrespondingSourceObject: {fileID: 0}
  m_PrefabInstance: {fileID: 0}
  m_PrefabAsset: {fileID: 0}
  m_GameObject: {fileID: 1264608234231407}
  m_LocalRotation: {x: 0.08801344, y: 0.7016079, z: 0.08801344, w: 0.7016079}
  m_LocalPosition: {x: -3.0999767e-32, y: -0.028181527, z: 0.57749283}
  m_LocalScale: {x: 1, y: 1, z: 1}
  m_Children:
  - {fileID: 4156674829117089}
  - {fileID: 4778011859864695}
  - {fileID: 4844578694363695}
  m_Father: {fileID: 4102358439725013}
  m_RootOrder: 0
  m_LocalEulerAnglesHint: {x: 0, y: 0, z: 0}
--- !u!4 &4844578694363695
Transform:
  m_ObjectHideFlags: 0
  m_CorrespondingSourceObject: {fileID: 0}
  m_PrefabInstance: {fileID: 0}
  m_PrefabAsset: {fileID: 0}
  m_GameObject: {fileID: 1714898984535781}
  m_LocalRotation: {x: -0.033845175, y: 0.058045585, z: 0.98895675, w: 0.13209751}
  m_LocalPosition: {x: 0.033303764, y: 0.000121258076, z: 0.124019}
  m_LocalScale: {x: 1, y: 1, z: 1}
  m_Children:
  - {fileID: 4241659934942925}
  m_Father: {fileID: 4812191689144651}
  m_RootOrder: 2
  m_LocalEulerAnglesHint: {x: 0, y: 0, z: 0}
--- !u!4 &4942340131220523
Transform:
  m_ObjectHideFlags: 0
  m_CorrespondingSourceObject: {fileID: 0}
  m_PrefabInstance: {fileID: 0}
  m_PrefabAsset: {fileID: 0}
  m_GameObject: {fileID: 1579036500150295}
  m_LocalRotation: {x: 0, y: -0, z: -0, w: 1}
  m_LocalPosition: {x: 1.635419e-16, y: 0.19255169, z: 0.020971233}
  m_LocalScale: {x: 1, y: 1, z: 1}
  m_Children: []
  m_Father: {fileID: 4197838621431541}
  m_RootOrder: 0
  m_LocalEulerAnglesHint: {x: 0, y: 0, z: 0}
--- !u!4 &4945507497132871
Transform:
  m_ObjectHideFlags: 0
  m_CorrespondingSourceObject: {fileID: 0}
  m_PrefabInstance: {fileID: 0}
  m_PrefabAsset: {fileID: 0}
  m_GameObject: {fileID: 1829858945166227}
  m_LocalRotation: {x: 0.019108133, y: -0.021374207, z: 0.0004085892, w: 0.99958885}
  m_LocalPosition: {x: 0.06657965, y: 0.010168093, z: 0.0034637707}
  m_LocalScale: {x: 1, y: 1, z: 1}
  m_Children: []
  m_Father: {fileID: 4142661687234225}
  m_RootOrder: 0
  m_LocalEulerAnglesHint: {x: 0, y: 0, z: 0}
--- !u!4 &4946329893230491
Transform:
  m_ObjectHideFlags: 0
  m_CorrespondingSourceObject: {fileID: 0}
  m_PrefabInstance: {fileID: 0}
  m_PrefabAsset: {fileID: 0}
  m_GameObject: {fileID: 1506120086605269}
  m_LocalRotation: {x: -0.70580834, y: 0.0026590806, z: -0.0007700497, w: 0.7083975}
  m_LocalPosition: {x: 0.23148169, y: 0.005877987, z: -1.5170883e-10}
  m_LocalScale: {x: 1, y: 1, z: 1}
  m_Children:
  - {fileID: 4476970244095177}
  - {fileID: 4349306757550985}
  - {fileID: 4399296312646781}
  - {fileID: 4499522958007701}
  - {fileID: 4733781887396999}
  - {fileID: 1882519041}
  m_Father: {fileID: 4334159499792191}
  m_RootOrder: 0
  m_LocalEulerAnglesHint: {x: 0, y: 0, z: 0}
--- !u!4 &4950161034603197
Transform:
  m_ObjectHideFlags: 0
  m_CorrespondingSourceObject: {fileID: 0}
  m_PrefabInstance: {fileID: 0}
  m_PrefabAsset: {fileID: 0}
  m_GameObject: {fileID: 1374218957932027}
  m_LocalRotation: {x: 1.7353463e-17, y: -9.794758e-19, z: -0.1185224, w: 0.9929514}
  m_LocalPosition: {x: -0.14500739, y: 0.012613418, z: 3.8834922e-17}
  m_LocalScale: {x: 1, y: 1, z: 1}
  m_Children:
  - {fileID: 4702936335114055}
  m_Father: {fileID: 4156674829117089}
  m_RootOrder: 0
  m_LocalEulerAnglesHint: {x: 0, y: 0, z: 0}
--- !u!23 &23882414133075461
MeshRenderer:
  m_ObjectHideFlags: 0
  m_CorrespondingSourceObject: {fileID: 0}
  m_PrefabInstance: {fileID: 0}
  m_PrefabAsset: {fileID: 0}
  m_GameObject: {fileID: 1787526756992607}
  m_Enabled: 1
  m_CastShadows: 1
  m_ReceiveShadows: 1
  m_DynamicOccludee: 1
  m_MotionVectors: 1
  m_LightProbeUsage: 1
  m_ReflectionProbeUsage: 1
  m_RayTracingMode: 2
  m_RenderingLayerMask: 1
  m_RendererPriority: 0
  m_Materials:
  - {fileID: 2100000, guid: a507d7782a15a784287355f31af5c972, type: 2}
  m_StaticBatchInfo:
    firstSubMesh: 0
    subMeshCount: 0
  m_StaticBatchRoot: {fileID: 0}
  m_ProbeAnchor: {fileID: 0}
  m_LightProbeVolumeOverride: {fileID: 0}
  m_ScaleInLightmap: 1
  m_ReceiveGI: 1
  m_PreserveUVs: 0
  m_IgnoreNormalsForChartDetection: 0
  m_ImportantGI: 0
  m_StitchLightmapSeams: 1
  m_SelectedEditorRenderState: 3
  m_MinimumChartSize: 4
  m_AutoUVMaxDistance: 0.5
  m_AutoUVMaxAngle: 89
  m_LightmapParameters: {fileID: 0}
  m_SortingLayerID: 0
  m_SortingLayer: 0
  m_SortingOrder: 0
--- !u!33 &33718560704192851
MeshFilter:
  m_ObjectHideFlags: 0
  m_CorrespondingSourceObject: {fileID: 0}
  m_PrefabInstance: {fileID: 0}
  m_PrefabAsset: {fileID: 0}
  m_GameObject: {fileID: 1787526756992607}
  m_Mesh: {fileID: 4300000, guid: 82d123ce4a1a7824bae34da0dd9e13f5, type: 3}
--- !u!95 &95905399136557387
Animator:
  serializedVersion: 3
  m_ObjectHideFlags: 0
  m_CorrespondingSourceObject: {fileID: 0}
  m_PrefabInstance: {fileID: 0}
  m_PrefabAsset: {fileID: 0}
  m_GameObject: {fileID: 1835884707109071}
  m_Enabled: 1
  m_Avatar: {fileID: 9000000, guid: e4aa31f274820b94eb0d0b764e0f383b, type: 3}
  m_Controller: {fileID: 9100000, guid: 081111fd1834f42469e07a9a2ce295c6, type: 2}
  m_CullingMode: 1
  m_UpdateMode: 0
  m_ApplyRootMotion: 0
  m_LinearVelocityBlending: 0
  m_WarningMessage: 
  m_HasTransformHierarchy: 1
  m_AllowConstantClipSamplingOptimization: 1
  m_KeepAnimatorControllerStateOnDisable: 0
--- !u!137 &137211738348983867
SkinnedMeshRenderer:
  m_ObjectHideFlags: 0
  m_CorrespondingSourceObject: {fileID: 0}
  m_PrefabInstance: {fileID: 0}
  m_PrefabAsset: {fileID: 0}
  m_GameObject: {fileID: 1417233914149715}
  m_Enabled: 1
  m_CastShadows: 1
  m_ReceiveShadows: 1
  m_DynamicOccludee: 1
  m_MotionVectors: 1
  m_LightProbeUsage: 1
  m_ReflectionProbeUsage: 1
  m_RayTracingMode: 0
  m_RenderingLayerMask: 1
  m_RendererPriority: 0
  m_Materials:
  - {fileID: 2100000, guid: a507d7782a15a784287355f31af5c972, type: 2}
  m_StaticBatchInfo:
    firstSubMesh: 0
    subMeshCount: 0
  m_StaticBatchRoot: {fileID: 0}
  m_ProbeAnchor: {fileID: 0}
  m_LightProbeVolumeOverride: {fileID: 0}
  m_ScaleInLightmap: 1
  m_ReceiveGI: 1
  m_PreserveUVs: 0
  m_IgnoreNormalsForChartDetection: 0
  m_ImportantGI: 0
  m_StitchLightmapSeams: 1
  m_SelectedEditorRenderState: 3
  m_MinimumChartSize: 4
  m_AutoUVMaxDistance: 0.5
  m_AutoUVMaxAngle: 89
  m_LightmapParameters: {fileID: 0}
  m_SortingLayerID: 0
  m_SortingLayer: 0
  m_SortingOrder: 0
  serializedVersion: 2
  m_Quality: 0
  m_UpdateWhenOffscreen: 0
  m_SkinnedMotionVectors: 1
  m_Mesh: {fileID: 4300000, guid: e4aa31f274820b94eb0d0b764e0f383b, type: 3}
  m_Bones:
  - {fileID: 4102358439725013}
  - {fileID: 4812191689144651}
  - {fileID: 4156674829117089}
  - {fileID: 4950161034603197}
  - {fileID: 4702936335114055}
  - {fileID: 4208472718783289}
  - {fileID: 4182946959851797}
  - {fileID: 4586935382762119}
  - {fileID: 4635522136448513}
  - {fileID: 4390678513079163}
  - {fileID: 4562540751679345}
  - {fileID: 4227887490166205}
  - {fileID: 4095895364305469}
  - {fileID: 4101572834835905}
  - {fileID: 4112031145031521}
  - {fileID: 4294705963245885}
  - {fileID: 4346296182524903}
  - {fileID: 4537929129065959}
  - {fileID: 4656051560124511}
  - {fileID: 4728926614254465}
  - {fileID: 4629212945209323}
  - {fileID: 4329582378367963}
  - {fileID: 4701342568193207}
  - {fileID: 4158346228882761}
  - {fileID: 4643339252708649}
  - {fileID: 4738268740198033}
  - {fileID: 4380564597070189}
  - {fileID: 4083766973444635}
  - {fileID: 4791231896018811}
  - {fileID: 4436153815762391}
  - {fileID: 4334159499792191}
  - {fileID: 4946329893230491}
  - {fileID: 4733781887396999}
  - {fileID: 4404179575769707}
  - {fileID: 4012303794020525}
  - {fileID: 4476970244095177}
  - {fileID: 4142661687234225}
  - {fileID: 4945507497132871}
  - {fileID: 4349306757550985}
  - {fileID: 4666856050671753}
  - {fileID: 4313979904292111}
  - {fileID: 4499522958007701}
  - {fileID: 4180313246347251}
  - {fileID: 4635296713122723}
  - {fileID: 4399296312646781}
  - {fileID: 4202415868827883}
  - {fileID: 4398422799649227}
  - {fileID: 4082685860287685}
  - {fileID: 4197838621431541}
  - {fileID: 4942340131220523}
  - {fileID: 4728461469293741}
  - {fileID: 4787246653294875}
  - {fileID: 4504938614352019}
  - {fileID: 4778011859864695}
  - {fileID: 4483193431677997}
  - {fileID: 4719799211365295}
  - {fileID: 4299099776854359}
  - {fileID: 4844578694363695}
  - {fileID: 4241659934942925}
  - {fileID: 4612967789314407}
  - {fileID: 4257159710804471}
  - {fileID: 4510867166305623}
  - {fileID: 4157240639534709}
  m_BlendShapeWeights: []
  m_RootBone: {fileID: 4102358439725013}
  m_AABB:
    m_Center: {x: 0, y: 0.069505334, z: 0.9349258}
    m_Extent: {x: 1.1067262, y: 0.5284035, z: 0.95984817}
  m_DirtyAABB: 0
--- !u!1001 &1014398592342625738
PrefabInstance:
  m_ObjectHideFlags: 0
  serializedVersion: 2
  m_Modification:
    m_TransformParent: {fileID: 0}
    m_Modifications:
    - target: {fileID: 8695962162398517885, guid: 22d50ceae9d92fc49b3e5358e7e701cb,
        type: 3}
      propertyPath: player
      value: 
      objectReference: {fileID: 1835884707109072}
    - target: {fileID: 8695962162398517885, guid: 22d50ceae9d92fc49b3e5358e7e701cb,
        type: 3}
      propertyPath: info
      value: 
      objectReference: {fileID: 11400000, guid: bb53320d795be824ea5189904d8ffa79,
        type: 2}
    - target: {fileID: 8695962162398517887, guid: 22d50ceae9d92fc49b3e5358e7e701cb,
        type: 3}
      propertyPath: m_Name
      value: axe1H2
      objectReference: {fileID: 0}
    - target: {fileID: 8699356388447530957, guid: 22d50ceae9d92fc49b3e5358e7e701cb,
        type: 3}
      propertyPath: m_LocalPosition.x
      value: 2.61
      objectReference: {fileID: 0}
    - target: {fileID: 8699356388447530957, guid: 22d50ceae9d92fc49b3e5358e7e701cb,
        type: 3}
      propertyPath: m_LocalPosition.y
      value: 5.04
      objectReference: {fileID: 0}
    - target: {fileID: 8699356388447530957, guid: 22d50ceae9d92fc49b3e5358e7e701cb,
        type: 3}
      propertyPath: m_LocalPosition.z
      value: 1.3
      objectReference: {fileID: 0}
    - target: {fileID: 8699356388447530957, guid: 22d50ceae9d92fc49b3e5358e7e701cb,
        type: 3}
      propertyPath: m_LocalRotation.x
      value: -0.7067983
      objectReference: {fileID: 0}
    - target: {fileID: 8699356388447530957, guid: 22d50ceae9d92fc49b3e5358e7e701cb,
        type: 3}
      propertyPath: m_LocalRotation.y
      value: 0.020887634
      objectReference: {fileID: 0}
    - target: {fileID: 8699356388447530957, guid: 22d50ceae9d92fc49b3e5358e7e701cb,
        type: 3}
      propertyPath: m_LocalRotation.z
      value: 0.020887459
      objectReference: {fileID: 0}
    - target: {fileID: 8699356388447530957, guid: 22d50ceae9d92fc49b3e5358e7e701cb,
        type: 3}
      propertyPath: m_LocalRotation.w
      value: 0.7067982
      objectReference: {fileID: 0}
    - target: {fileID: 8699356388447530957, guid: 22d50ceae9d92fc49b3e5358e7e701cb,
        type: 3}
      propertyPath: m_RootOrder
      value: 6
      objectReference: {fileID: 0}
    - target: {fileID: 8699356388447530957, guid: 22d50ceae9d92fc49b3e5358e7e701cb,
        type: 3}
      propertyPath: m_LocalEulerAnglesHint.x
      value: -90.00001
      objectReference: {fileID: 0}
    - target: {fileID: 8699356388447530957, guid: 22d50ceae9d92fc49b3e5358e7e701cb,
        type: 3}
      propertyPath: m_LocalEulerAnglesHint.y
      value: 0
      objectReference: {fileID: 0}
    - target: {fileID: 8699356388447530957, guid: 22d50ceae9d92fc49b3e5358e7e701cb,
        type: 3}
      propertyPath: m_LocalEulerAnglesHint.z
      value: 3.3850002
      objectReference: {fileID: 0}
    m_RemovedComponents: []
  m_SourcePrefab: {fileID: 100100000, guid: 22d50ceae9d92fc49b3e5358e7e701cb, type: 3}
--- !u!1001 &8786545722987883947
PrefabInstance:
  m_ObjectHideFlags: 0
  serializedVersion: 2
  m_Modification:
    m_TransformParent: {fileID: 0}
    m_Modifications:
    - target: {fileID: 568407037169062856, guid: e08c0950eb873dc499d0747a22a0bc65,
        type: 3}
      propertyPath: m_LocalPosition.x
      value: -4.45
      objectReference: {fileID: 0}
    - target: {fileID: 568407037169062856, guid: e08c0950eb873dc499d0747a22a0bc65,
        type: 3}
      propertyPath: m_LocalPosition.y
      value: 5
      objectReference: {fileID: 0}
    - target: {fileID: 568407037169062856, guid: e08c0950eb873dc499d0747a22a0bc65,
        type: 3}
      propertyPath: m_LocalPosition.z
      value: -2.7
      objectReference: {fileID: 0}
    - target: {fileID: 568407037169062856, guid: e08c0950eb873dc499d0747a22a0bc65,
        type: 3}
      propertyPath: m_LocalRotation.x
      value: -0.54323477
      objectReference: {fileID: 0}
    - target: {fileID: 568407037169062856, guid: e08c0950eb873dc499d0747a22a0bc65,
        type: 3}
      propertyPath: m_LocalRotation.y
      value: -0.45265436
      objectReference: {fileID: 0}
    - target: {fileID: 568407037169062856, guid: e08c0950eb873dc499d0747a22a0bc65,
        type: 3}
      propertyPath: m_LocalRotation.z
      value: -0.45265427
      objectReference: {fileID: 0}
    - target: {fileID: 568407037169062856, guid: e08c0950eb873dc499d0747a22a0bc65,
        type: 3}
      propertyPath: m_LocalRotation.w
      value: 0.5432349
      objectReference: {fileID: 0}
    - target: {fileID: 568407037169062856, guid: e08c0950eb873dc499d0747a22a0bc65,
        type: 3}
      propertyPath: m_RootOrder
      value: 5
      objectReference: {fileID: 0}
    - target: {fileID: 568407037169062856, guid: e08c0950eb873dc499d0747a22a0bc65,
        type: 3}
      propertyPath: m_LocalEulerAnglesHint.x
      value: -90.00001
      objectReference: {fileID: 0}
    - target: {fileID: 568407037169062856, guid: e08c0950eb873dc499d0747a22a0bc65,
        type: 3}
      propertyPath: m_LocalEulerAnglesHint.y
      value: 0
      objectReference: {fileID: 0}
    - target: {fileID: 568407037169062856, guid: e08c0950eb873dc499d0747a22a0bc65,
        type: 3}
      propertyPath: m_LocalEulerAnglesHint.z
      value: -79.606
      objectReference: {fileID: 0}
    - target: {fileID: 569867307290327844, guid: e08c0950eb873dc499d0747a22a0bc65,
        type: 3}
      propertyPath: player
      value: 
      objectReference: {fileID: 1835884707109072}
    - target: {fileID: 569867307290327844, guid: e08c0950eb873dc499d0747a22a0bc65,
        type: 3}
      propertyPath: info
      value: 
      objectReference: {fileID: 11400000, guid: c93309a06914113458100da2498487e1,
        type: 2}
    - target: {fileID: 569867307290327846, guid: e08c0950eb873dc499d0747a22a0bc65,
        type: 3}
      propertyPath: m_Name
      value: sword1H10
      objectReference: {fileID: 0}
    m_RemovedComponents: []
  m_SourcePrefab: {fileID: 100100000, guid: e08c0950eb873dc499d0747a22a0bc65, type: 3}
